@article{deinternet,
  title={Internet of Things--Architecture IoT-A Deliverable D1. 5--Final architectural reference model for the IoT v3. 0},
  author={De Loof, Jourik and SAP, Carsten Magerkurth and Meissner, Stefan and Nettstr{\"a}ter, Andreas and CEA, Alexis Olivereau and SAP, Matthias Thoma and Walewski, Joachim W}
}
@article{aguzzi2013definition,
  title={Definition of a research and innovation policy leveraging Cloud Computing and IoT combination},
  author={Aguzzi, S and Bradshaw, D and Canning, M and Cansfield, M and Carter, P and Cattaneo, G and Gusmeroli, S and Micheletti, G and Rotondi, D and Stevens, R},
  journal={Final Report, European Commission, SMART},
  volume={37},
  pages={2013},
  year={2013}
}
@inproceedings{de2011service,
  title={Service modelling for the Internet of Things},
  author={De, Suparna and Barnaghi, Payam and Bauer, Martin and Meissner, Stefan},
  booktitle={Computer Science and Information Systems (FedCSIS), 2011 Federated Conference on},
  pages={949--955},
  year={2011},
  organization={IEEE}
}
@inproceedings{gyrard2016connected,
  title={Connected smart cities: Interoperability with seg 3.0 for the internet of things},
  author={Gyrard, Amelie and Serrano, Martin},
  booktitle={Advanced Information Networking and Applications Workshops (WAINA), 2016 30th International Conference on},
  pages={796--802},
  year={2016},
  organization={IEEE}
}
@inproceedings{terziyan2010ubiroad,
  title={Ubiroad: Semantic middleware for context-aware smart road environments},
  author={Terziyan, Vagan and Kaykova, Olena and Zhovtobryukh, Dmytro},
  booktitle={Internet and web applications and services (iciw), 2010 fifth international conference on},
  pages={295--302},
  year={2010},
  organization={IEEE}
}
@article{botts2007opengis,
  title={OpenGIS sensor model language (SensorML) implementation specification},
  author={Botts, Mike and Robin, Alexandre},
  journal={OpenGIS Implementation Specification OGC},
  volume={7},
  number={000},
  year={2007}
}
@article{sheth2008semantic,
  title={Semantic sensor web},
  author={Sheth, Amit and Henson, Cory and Sahoo, Satya S},
  journal={IEEE Internet computing},
  volume={12},
  number={4},
  year={2008},
  publisher={IEEE}
}
@article{ganzha2017semantic,
  title={Semantic interoperability in the Internet of Things: An overview from the INTER-IoT perspective},
  author={Ganzha, Maria and Paprzycki, Marcin and Paw{\l}owski, Wies{\l}aw and Szmeja, Pawe{\l} and Wasielewska, Katarzyna},
  journal={Journal of Network and Computer Applications},
  volume={81},
  pages={111--124},
  year={2017},
  publisher={Elsevier}
}
@article{compton2012ssn,
  title={The SSN ontology of the W3C semantic sensor network incubator group},
  author={Compton, Michael and Barnaghi, Payam and Bermudez, Luis and Garc{\'\i}A-Castro, Ra{\'u}L and Corcho, Oscar and Cox, Simon and Graybeal, John and Hauswirth, Manfred and Henson, Cory and Herzog, Arthur and others},
  journal={Web semantics: science, services and agents on the World Wide Web},
  volume={17},
  pages={25--32},
  year={2012},
  publisher={Elsevier}
}
@incollection{fensel2001ontologies,
  title={Ontologies},
  author={Fensel, Dieter},
  booktitle={Ontologies},
  pages={11--18},
  year={2001},
  publisher={Springer}
}
@inproceedings{scioscia2009building,
  title={Building a Semantic Web of Things: issues and perspectives in information compression},
  author={Scioscia, Floriano and Ruta, Michele},
  booktitle={Semantic Computing, 2009. ICSC'09. IEEE International Conference on},
  pages={589--594},
  year={2009},
  organization={IEEE}
}
@inproceedings{pautasso2008restful,
  title={Restful web services vs. big'web services: making the right architectural decision},
  author={Pautasso, Cesare and Zimmermann, Olaf and Leymann, Frank},
  booktitle={Proceedings of the 17th international conference on World Wide Web},
  pages={805--814},
  year={2008},
  organization={ACM}
}
@article{varga2017making,
  title={Making system of systems interoperable--The core components of the arrowhead framework},
  author={Varga, Pal and Blomstedt, Fredrik and Ferreira, Luis Lino and Eliasson, Jens and Johansson, Mats and Delsing, Jerker and de Soria, Iker Mart{\'\i}nez},
  journal={Journal of Network and Computer Applications},
  volume={81},
  pages={85--95},
  year={2017},
  publisher={Elsevier}
}
@inproceedings{alam2010semantic,
  title={A semantic enhanced service proxy framework for internet of things},
  author={Alam, Sarfraz and Noll, Josef},
  booktitle={Proceedings of the 2010 IEEE/ACM Int'l Conference on Green Computing and Communications \& Int'l Conference on Cyber, Physical and Social Computing},
  pages={488--495},
  year={2010},
  organization={IEEE Computer Society}
}
@article{papazoglou2007service,
  title={Service oriented architectures: approaches, technologies and research issues},
  author={Papazoglou, Mike P and Van Den Heuvel, Willem-Jan},
  journal={The VLDB journal},
  volume={16},
  number={3},
  pages={389--415},
  year={2007},
  publisher={Springer}
}
@article{li2014distributed,
  title={A distributed consensus algorithm for decision making in service-oriented internet of things},
  author={Li, Shancang and Oikonomou, George and Tryfonas, Theo and Chen, Thomas M and Da Xu, Li},
  journal={IEEE Transactions on Industrial Informatics},
  volume={10},
  number={2},
  pages={1461--1468},
  year={2014},
  publisher={IEEE}
}
@article{vinoski2003integration,
  title={Integration with web services},
  author={Vinoski, Steve},
  journal={IEEE internet computing},
  volume={7},
  number={6},
  pages={75--77},
  year={2003},
  publisher={IEEE}
}
@incollection{gyrard2017building,
  title={Building interoperable and cross-domain semantic web of things applications},
  author={Gyrard, Amelie and Serrano, Martin and Patel, Pankesh},
  booktitle={Managing the Web of Things},
  pages={305--324},
  year={2017},
  publisher={Elsevier}
}
@inproceedings{prazeres2016soft,
  title={Soft-iot: Self-organizing fog of things},
  author={Prazeres, C{\'a}ssio and Serrano, Martin},
  booktitle={Advanced Information Networking and Applications Workshops (WAINA), 2016 30th International Conference on},
  pages={803--808},
  year={2016},
  organization={IEEE}
}
@article{li2015general,
  title={A general SDN-based IoT framework with NVF implementation},
  author={Li, Jie and Altman, Eitan and Touati, Corinne},
  journal={ZTE communications},
  volume={13},
  number={3},
  pages={42--45},
  year={2015}
}
@inproceedings{qin2014software,
  title={A software defined networking architecture for the internet-of-things},
  author={Qin, Zhijing and Denker, Grit and Giannelli, Carlo and Bellavista, Paolo and Venkatasubramanian, Nalini},
  booktitle={Network Operations and Management Symposium (NOMS), 2014 IEEE},
  pages={1--9},
  year={2014},
  organization={IEEE}
}
@article{bizanis2016sdn,
  title={SDN and virtualization solutions for the Internet of Things: A survey},
  author={Bizanis, Nikos and Kuipers, Fernando A},
  journal={IEEE Access},
  volume={4},
  pages={5591--5606},
  year={2016},
  publisher={IEEE}
}
@article{kreutz2015software,
  title={Software-defined networking: A comprehensive survey},
  author={Kreutz, Diego and Ramos, Fernando MV and Verissimo, Paulo Esteves and Rothenberg, Christian Esteve and Azodolmolky, Siamak and Uhlig, Steve},
  journal={Proceedings of the IEEE},
  volume={103},
  number={1},
  pages={14--76},
  year={2015},
  publisher={Ieee}
}
@inproceedings{ishaq2012internet,
  title={Internet of things virtual networks: Bringing network virtualization to resource-constrained devices},
  author={Ishaq, Isam and Hoebeke, Jeroen and Moerman, Ingrid and Demeester, Piet},
  booktitle={Green Computing and Communications (GreenCom), 2012 IEEE International Conference On},
  pages={293--300},
  year={2012},
  organization={IEEE}
}
@article{hoebeke2011managed,
  title={Managed ecosystems of networked objects},
  author={Hoebeke, Jeroen and De Poorter, Eli and Bouckaert, Stefan and Moerman, Ingrid and Demeester, Piet},
  journal={Wireless Personal Communications},
  volume={58},
  number={1},
  pages={125--143},
  year={2011},
  publisher={Springer}
}
@article{asensio2014protocol,
  title={Protocol and architecture to bring things into internet of things},
  author={Asensio, {\'A}ngel and Marco, {\'A}lvaro and Blasco, Rub{\'e}n and Casas, Roberto},
  journal={International Journal of Distributed Sensor Networks},
  volume={10},
  number={4},
  pages={158252},
  year={2014},
  publisher={SAGE Publications Sage UK: London, England}
}
@article{aloi2017enabling,
  title={Enabling IoT interoperability through opportunistic smartphone-based mobile gateways},
  author={Aloi, Gianluca and Caliciuri, Giuseppe and Fortino, Giancarlo and Gravina, Raffaele and Pace, Pasquale and Russo, Wilma and Savaglio, Claudio},
  journal={Journal of Network and Computer Applications},
  volume={81},
  pages={74--84},
  year={2017},
  publisher={Elsevier}
}
@inproceedings{pereira2016iot,
  title={IoT interoperability for actuating applications through standardised M2M communications},
  author={Pereira, Carlos and Pinto, Antonio and Aguiar, Ana and Rocha, Pedro and Santiago, Fernando and Sousa, Jorge},
  booktitle={World of Wireless, Mobile and Multimedia Networks (WoWMoM), 2016 IEEE 17th International Symposium on A},
  pages={1--6},
  year={2016},
  organization={IEEE}
}
@inproceedings{fantacci2014short,
  title={Short paper: Overcoming IoT fragmentation through standard gateway architecture},
  author={Fantacci, Romano and Pecorella, Tommaso and Viti, Roberto and Carlini, Camillo},
  booktitle={2014 IEEE World Forum on Internet of Things (WF-IoT)},
  pages={181--182},
  year={2014},
  organization={IEEE}
}
@inproceedings{zhu2010iot,
  title={Iot gateway: Bridgingwireless sensor networks into internet of things},
  author={Zhu, Qian and Wang, Ruicong and Chen, Qi and Liu, Yan and Qin, Weijun},
  booktitle={Embedded and Ubiquitous Computing (EUC), 2010 IEEE/IFIP 8th International Conference on},
  pages={347--352},
  year={2010},
  organization={Ieee}
}
@misc{PonteM2M76:online,
author = {},
title = {Ponte - M2M Bridge Framework for REST developers | The Eclipse Foundation},
howpublished = {\url{http://www.eclipse.org/proposals/technology.ponte/}},
month = {},
year = {},
note = {(Accessed on 12/29/2018)}
}
@inproceedings{chu2013holistic,
  title={Holistic data cleaning: Putting violations into context},
  author={Chu, Xu and Ilyas, Ihab F and Papotti, Paolo},
  booktitle={2013 IEEE 29th International Conference on Data Engineering (ICDE)},
  pages={458--469},
  year={2013},
  organization={IEEE}
}
@inproceedings{bohannon2005cost,
  title={A cost-based model and effective heuristic for repairing constraints by value modification},
  author={Bohannon, Philip and Fan, Wenfei and Flaster, Michael and Rastogi, Rajeev},
  booktitle={Proceedings of the 2005 ACM SIGMOD international conference on Management of data},
  pages={143--154},
  year={2005},
  organization={ACM}
}
@inproceedings{keogh2001online,
  title={An online algorithm for segmenting time series},
  author={Keogh, Eamonn and Chu, Selina and Hart, David and Pazzani, Michael},
  booktitle={Data Mining, 2001. ICDM 2001, Proceedings IEEE International Conference on},
  pages={289--296},
  year={2001},
  organization={IEEE}
}
@article{gardner2006exponential,
  title={Exponential smoothing: The state of the art—Part II},
  author={Gardner Jr, Everette S},
  journal={International journal of forecasting},
  volume={22},
  number={4},
  pages={637--666},
  year={2006},
  publisher={Elsevier}
}
@book{brillinger1981time,
  title={Time series: data analysis and theory},
  author={Brillinger, David R},
  volume={36},
  year={1981},
  publisher={Siam}
}
@article{steinwart2005classification,
  title={A classification framework for anomaly detection},
  author={Steinwart, Ingo and Hush, Don and Scovel, Clint},
  journal={Journal of Machine Learning Research},
  volume={6},
  number={Feb},
  pages={211--232},
  year={2005}
}
@inproceedings{theiler2003resampling,
  title={Resampling approach for anomaly detection in multispectral images},
  author={Theiler, James P and Cai, D Michael},
  booktitle={Algorithms and Technologies for Multispectral, Hyperspectral, and Ultraspectral Imagery IX},
  volume={5093},
  pages={230--241},
  year={2003},
  organization={International Society for Optics and Photonics}
}
@article{phua2004minority,
  title={Minority report in fraud detection: classification of skewed data},
  author={Phua, Clifton and Alahakoon, Damminda and Lee, Vincent},
  journal={Acm sigkdd explorations newsletter},
  volume={6},
  number={1},
  pages={50--59},
  year={2004},
  publisher={ACM}
}
@article{chawla2004special,
  title={Special issue on learning from imbalanced data sets},
  author={Chawla, Nitesh V and Japkowicz, Nathalie and Kotcz, Aleksander},
  journal={ACM Sigkdd Explorations Newsletter},
  volume={6},
  number={1},
  pages={1--6},
  year={2004},
  publisher={ACM}
}
@article{joshi2001computational,
  title={Computational flow modelling and design of bubble column reactors},
  author={Joshi, JB},
  journal={Chemical engineering science},
  volume={56},
  number={21-22},
  pages={5893--5933},
  year={2001},
  publisher={Elsevier}
}
@article{tax2004support,
  title={Support vector data description},
  author={Tax, David MJ and Duin, Robert PW},
  journal={Machine learning},
  volume={54},
  number={1},
  pages={45--66},
  year={2004},
  publisher={Springer}
}
@book{scholkopf2001learning,
  title={Learning with kernels: support vector machines, regularization, optimization, and beyond},
  author={Scholkopf, Bernhard and Smola, Alexander J},
  year={2001},
  publisher={MIT press}
}
@inproceedings{wu2003class,
  title={Class-boundary alignment for imbalanced dataset learning},
  author={Wu, Gang and Chang, Edward Y},
  booktitle={ICML 2003 workshop on learning from imbalanced data sets II, Washington, DC},
  pages={49--56},
  year={2003}
}
@article{tang2009svms,
  title={SVMs modeling for highly imbalanced classification},
  author={Tang, Yuchun and Zhang, Yan-Qing and Chawla, Nitesh V and Krasser, Sven},
  journal={IEEE Transactions on Systems, Man, and Cybernetics, Part B (Cybernetics)},
  volume={39},
  number={1},
  pages={281--288},
  year={2009},
  publisher={IEEE}
}
@inproceedings{juszczak2003uncertainty,
  title={Uncertainty sampling methods for one-class classifiers},
  author={Juszczak, Piotr and Duin, Robert PW},
  booktitle={Proceedings of ICML-03, Workshop on Learning with Imbalanced Data Sets II},
  pages={81--88},
  year={2003}
}
@article{joshi2001mining,
  title={Mining needle in a haystack: classifying rare classes via two-phase rule induction},
  author={Joshi, Mahesh V and Agarwal, Ramesh C and Kumar, Vipin},
  journal={ACM SIGMOD Record},
  volume={30},
  number={2},
  pages={91--102},
  year={2001},
  publisher={ACM}
}
@article{weiss2003learning,
  title={Learning when training data are costly: The effect of class distribution on tree induction},
  author={Weiss, Gary M and Provost, Foster},
  journal={Journal of Artificial Intelligence Research},
  volume={19},
  pages={315--354},
  year={2003}
}
@article{ting2002instance,
  title={An instance-weighting method to induce cost-sensitive trees},
  author={Ting, Kai Ming},
  journal={IEEE Transactions on Knowledge and Data Engineering},
  volume={14},
  number={3},
  pages={659--665},
  year={2002},
  publisher={IEEE}
}
@inproceedings{mani2003knn,
  title={kNN approach to unbalanced data distributions: a case study involving information extraction},
  author={Mani, Inderjeet and Zhang, I},
  booktitle={Proceedings of workshop on learning from imbalanced datasets},
  volume={126},
  year={2003}
}
@inproceedings{zadrozny2003cost,
  title={Cost-sensitive learning by cost-proportionate example weighting},
  author={Zadrozny, Bianca and Langford, John and Abe, Naoki},
  booktitle={Data Mining, 2003. ICDM 2003. Third IEEE International Conference on},
  pages={435--442},
  year={2003},
  organization={IEEE}
}
@inproceedings{domingos1999metacost,
  title={Metacost: A general method for making classifiers cost-sensitive},
  author={Domingos, Pedro},
  booktitle={Proceedings of the fifth ACM SIGKDD international conference on Knowledge discovery and data mining},
  pages={155--164},
  year={1999},
  organization={ACM}
}
@incollection{soldatos2015openiot,
  title={Openiot: Open source internet-of-things in the cloud},
  author={Soldatos, John and Kefalakis, Nikos and Hauswirth, Manfred and Serrano, Martin and Calbimonte, Jean-Paul and Riahi, Mehdi and Aberer, Karl and Jayaraman, Prem Prakash and Zaslavsky, Arkady and {\v{Z}}arko, Ivana Podnar and others},
  booktitle={Interoperability and open-source solutions for the internet of things},
  pages={13--25},
  year={2015},
  publisher={Springer}
}
@inproceedings{daniele2015created,
  title={Created in close interaction with the industry: the smart appliances reference (SAREF) ontology},
  author={Daniele, Laura and den Hartog, Frank and Roes, Jasper},
  booktitle={International Workshop Formal Ontologies Meet Industries},
  pages={100--112},
  year={2015},
  organization={Springer}
}
@misc{BIGIoT–B21:online,
author = {},
title = {BIG IoT – Bridging the Interoperability Gap of the Internet of Things},
howpublished = {\url{http://big-iot.eu/}},
month = {},
year = {},
note = {(Accessed on 12/28/2018)}
}
@misc{lea2013hypercat,
  title={Hypercat: an iot interoperability specification},
  author={Lea, Rodger},
  year={2013},
  publisher={IoT ecosystem demonstrator interoperability working group}
}
@ARTICLE{8017556, 
author={S. Bera and S. Misra and A. V. Vasilakos}, 
journal={IEEE Internet of Things Journal}, 
title={Software-Defined Networking for Internet of Things: A Survey}, 
year={2017}, 
volume={4}, 
number={6}, 
pages={1994-2008}, 
keywords={computer centres;Internet;Internet of Things;software defined networking;transport protocols;scalable cost-effective manner;network operators;network devices;data center networking;IoT applications;IoT development;network connectivity;real-time information;intelligent services;enterprise networks;cost-effective manner;network infrastructure;network technologies;seamless cost-effective manner;SDN-based technologies;timeout-based transport protocols;Internet of Things;Real-time systems;Privacy;Performance evaluation;Protocols;Data centers;Access control;Software defined networking;Access networking;core networking;data center networking;edge networking;Internet of Things (IoT);software-defined networking (SDN);survey}, 
doi={10.1109/JIOT.2017.2746186}, 
ISSN={2327-4662}, 
month={Dec},}
@inproceedings{ma2003time,
  title={Time-series novelty detection using one-class support vector machines},
  author={Ma, Junshui and Perkins, Simon},
  booktitle={Neural Networks, 2003. Proceedings of the International Joint Conference on},
  volume={3},
  pages={1741--1745},
  year={2003},
  organization={IEEE}
}
@article{hardin2004outlier,
  title={Outlier detection in the multiple cluster setting using the minimum covariance determinant estimator},
  author={Hardin, Johanna and Rocke, David M},
  journal={Computational Statistics \& Data Analysis},
  volume={44},
  number={4},
  pages={625--638},
  year={2004},
  publisher={Elsevier}
}
@inproceedings{lazarevic2005feature,
  title={Feature bagging for outlier detection},
  author={Lazarevic, Aleksandar and Kumar, Vipin},
  booktitle={Proceedings of the eleventh ACM SIGKDD international conference on Knowledge discovery in data mining},
  pages={157--166},
  year={2005},
  organization={ACM}
}
@article{he2003discovering,
  title={Discovering cluster-based local outliers},
  author={He, Zengyou and Xu, Xiaofei and Deng, Shengchun},
  journal={Pattern Recognition Letters},
  volume={24},
  number={9-10},
  pages={1641--1650},
  year={2003},
  publisher={Elsevier}
}
@inproceedings{kriegel2008angle,
  title={Angle-based outlier detection in high-dimensional data},
  author={Kriegel, Hans-Peter and Zimek, Arthur and others},
  booktitle={Proceedings of the 14th ACM SIGKDD international conference on Knowledge discovery and data mining},
  pages={444--452},
  year={2008},
  organization={ACM}
}
@article{anastasi2009energy,
  title={Energy conservation in wireless sensor networks: A survey},
  author={Anastasi, Giuseppe and Conti, Marco and Di Francesco, Mario and Passarella, Andrea},
  journal={Ad hoc networks},
  volume={7},
  number={3},
  pages={537--568},
  year={2009},
  publisher={Elsevier}
}
@inproceedings{guralnik1999event,
  title={Event detection from time series data},
  author={Guralnik, Valery and Srivastava, Jaideep},
  booktitle={Proceedings of the fifth ACM SIGKDD international conference on Knowledge discovery and data mining},
  pages={33--42},
  year={1999},
  organization={ACM}
}
@inproceedings{kawahara2009change,
  title={Change-point detection in time-series data by direct density-ratio estimation},
  author={Kawahara, Yoshinobu and Sugiyama, Masashi},
  booktitle={Proceedings of the 2009 SIAM International Conference on Data Mining},
  pages={389--400},
  year={2009},
  organization={SIAM}
}
@article{liu2013change,
  title={Change-point detection in time-series data by relative density-ratio estimation},
  author={Liu, Song and Yamada, Makoto and Collier, Nigel and Sugiyama, Masashi},
  journal={Neural Networks},
  volume={43},
  pages={72--83},
  year={2013},
  publisher={Elsevier}
}
@article{park2005outlier,
  title={An outlier analysis framework for impedance-based structural health monitoring},
  author={Park, Gyuhae and Rutherford, Amanda C and Sohn, Hoon and Farrar, Charles R},
  journal={Journal of Sound and Vibration},
  volume={286},
  number={1-2},
  pages={229--250},
  year={2005},
  publisher={Elsevier}
} 
@article{zhang2017time,
  title={Time series data cleaning: from anomaly detection to anomaly repairing},
  author={Zhang, Aoqian and Song, Shaoxu and Wang, Jianmin and Yu, Philip S},
  journal={Proceedings of the VLDB Endowment},
  volume={10},
  number={10},
  pages={1046--1057},
  year={2017},
  publisher={VLDB Endowment}
}
@inproceedings{song2015screen,
  title={Screen: Stream data cleaning under speed constraints},
  author={Song, Shaoxu and Zhang, Aoqian and Wang, Jianmin and Yu, Philip S},
  booktitle={Proceedings of the 2015 ACM SIGMOD International Conference on Management of Data},
  pages={827--841},
  year={2015},
  organization={ACM}
}
@misc{pyod,
  author = {yuezhao, al},
  title = {Python Outlier Detection (PyOD)},
  year = {2017},
  publisher = {GitHub},
  journal = {GitHub repository},
  howpublished = {\url{https://github.com/yzhao062/pyod}},
  commit = {4f57d6a0e4c030202a07a60bc1bb1ed1544bf679}
}
@techreport{shyu2003novel,
  title={A novel anomaly detection scheme based on principal component classifier},
  author={Shyu, Mei-Ling and Chen, Shu-Ching and Sarinnapakorn, Kanoksri and Chang, LiWu},
  year={2003},
  institution={MIAMI UNIV CORAL GABLES FL DEPT OF ELECTRICAL AND COMPUTER ENGINEERING}
}
@inproceedings{liu2008isolation,
  title={Isolation forest},
  author={Liu, Fei Tony and Ting, Kai Ming and Zhou, Zhi-Hua},
  booktitle={2008 Eighth IEEE International Conference on Data Mining},
  pages={413--422},
  year={2008},
  organization={IEEE}
}
@article{rousseeuw1999fast,
  title={A fast algorithm for the minimum covariance determinant estimator},
  author={Rousseeuw, Peter J and Driessen, Katrien Van},
  journal={Technometrics},
  volume={41},
  number={3},
  pages={212--223},
  year={1999},
  publisher={Taylor \& Francis Group}
}
@misc{scikit-learn, title={Novelty and Outlier Detection}, url={https://scikit-learn.org/stable/modules/outlier_detection.html#overview-of-outlier-detection-methods}, journal={Scikit-learn 0.19.2 documentation}}
@article{muja2009fast,
  title={Fast approximate nearest neighbors with automatic algorithm configuration.},
  author={Muja, Marius and Lowe, David G},
  journal={VISAPP (1)},
  volume={2},
  number={331-340},
  pages={2},
  year={2009}
}

@article{ma2016supervised,
  title={Supervised anomaly detection in uncertain pseudoperiodic data streams},
  author={Ma, Jiangang and Sun, Le and Wang, Hua and Zhang, Yanchun and Aickelin, Uwe},
  journal={ACM Transactions on Internet Technology (TOIT)},
  volume={16},
  number={1},
  pages={4},
  year={2016},
  publisher={ACM}
}
@article{gonbadi2015supervised,
  title={Supervised geochemical anomaly detection by pattern recognition},
  author={Gonbadi, Arman Mohammadi and Tabatabaei, Seyed Hasan and Carranza, Emmanuel John M},
  journal={Journal of Geochemical Exploration},
  volume={157},
  pages={81--91},
  year={2015},
  publisher={Elsevier}
}
@article{agrawal2015survey,
  title={Survey on anomaly detection using data mining techniques},
  author={Agrawal, Shikha and Agrawal, Jitendra},
  journal={Procedia Computer Science},
  volume={60},
  pages={708--713},
  year={2015},
  publisher={Elsevier}
}
@article{kang2013prevention,
  title={The prevention and handling of the missing data},
  author={Kang, Hyun},
  journal={Korean journal of anesthesiology},
  volume={64},
  number={5},
  pages={402--406},
  year={2013}
}
@article{alkhatib2014review,
  title={A review on forest fire detection techniques},
  author={Alkhatib, Ahmad AA},
  journal={International Journal of Distributed Sensor Networks},
  volume={10},
  number={3},
  pages={597368},
  year={2014},
  publisher={SAGE Publications Sage UK: London, England}
}
@book{mehrotra2017anomaly,
  title={Anomaly Detection Principles and Algorithms},
  author={Mehrotra, Kishan G and Mohan, Chilukuri K and Huang, HuaMing},
  year={2017},
  publisher={Springer}
}
@online{cleaningSource,
	author = {sportless},
	title = {The importance of cleaning data},
	year = 2017,
	url = {https://web.archive.org/web/20171205042031/https://spotlessdata.com/blog/importance-data-cleaning-user-generated-content},
	urldate = {2018-04-30}
}
@inproceedings{goldberg2008analysis,
  title={Analysis of data errors in clinical research databases},
  author={Goldberg, Saveli I and Niemierko, Andrzej and Turchin, Alexander},
  booktitle={AMIA annual symposium proceedings},
  volume={2008},
  pages={242},
  year={2008},
  organization={American Medical Informatics Association}
}
@inproceedings{he2016interactive,
	title={Interactive and deterministic data cleaning},
	author={He, Jian and Veltri, Enzo and Santoro, Donatello and Li, Guoliang and Mecca, Giansalvatore and Papotti, Paolo and Tang, Nan},
	booktitle={Proceedings of the 2016 International Conference on Management of Data},
	pages={893--907},
	year={2016},
	organization={ACM}
}

@article{liaw2002classification,
	title={Classification and regression by randomForest},
	author={Liaw, Andy and Wiener, Matthew and others},
	journal={R news},
	volume={2},
	number={3},
	pages={18--22},
	year={2002}
}
@misc{skyline,
	author = {A. Stanway},
	title = {Etsy Skyline},
	year = {2013},
	publisher = {GitHub},
	journal = {GitHub repository},
	howpublished = {\url{https://github.com/etsy/skyline}}
}
@article{hochenbaum2017automatic,
	title={Automatic Anomaly Detection in the Cloud Via Statistical Learning},
	author={Hochenbaum, Jordan and Vallis, Owen S and Kejariwal, Arun},
	journal={arXiv preprint arXiv:1704.07706},
	year={2017}
}
@INPROCEEDINGS{1565683, 
	author={E. Keogh and J. Lin and A. Fu}, 
	booktitle={Fifth IEEE International Conference on Data Mining (ICDM'05)}, 
	title={HOT SAX: efficiently finding the most unusual time series subsequence}, 
	year={2005}, 
	volume={}, 
	number={}, 
	pages={8 pp.-}, 
	keywords={data mining;time series;HOT SAX;anomaly detection;clustering quality;data cleaning;data mining;summarization;time series discords;Aerospace industry;Cleaning;Computer science;Data mining;Detection algorithms;Detectors;Monitoring;Space shuttles;Surveillance;Telemetry;Anomaly Detection;Clustering;Time Series Data Mining}, 
	doi={10.1109/ICDM.2005.79}, 
	ISSN={1550-4786}, 
	month={Nov},}
@Article{Pevny2016,
	author="Pevn{\'y}, Tom{\'a}{\v{s}}",
	title="Loda: Lightweight on-line detector of anomalies",
	journal="Machine Learning",
	year="2016",
	month="Feb",
	day="01",
	volume="102",
	number="2",
	pages="275--304",
	issn="1573-0565",
	doi="10.1007/s10994-015-5521-0",
	url="https://doi.org/10.1007/s10994-015-5521-0"
}

@inproceedings{lavin2015evaluating,
	title={Evaluating Real-Time Anomaly Detection Algorithms--The Numenta Anomaly Benchmark},
	author={Lavin, Alexander and Ahmad, Subutai},
	booktitle={Machine Learning and Applications (ICMLA), 2015 IEEE 14th International Conference on},
	pages={38--44},
	year={2015},
	organization={IEEE}
}

@article{Lakhina:2004:DNT:1030194.1015492,
	author = {Lakhina, Anukool and Crovella, Mark and Diot, Christophe},
	title = {Diagnosing Network-wide Traffic Anomalies},
	journal = {SIGCOMM Comput. Commun. Rev.},
	issue_date = {October 2004},
	volume = {34},
	number = {4},
	month = aug,
	year = {2004},
	issn = {0146-4833},
	pages = {219--230},
	numpages = {12},
	url = {http://doi.acm.org/10.1145/1030194.1015492},
	doi = {10.1145/1030194.1015492},
	acmid = {1015492},
	publisher = {ACM},
	address = {New York, NY, USA},
	keywords = {anomaly detection, network traffic analysis},
} 
@article{ahmad2017unsupervised,
	title={Unsupervised real-time anomaly detection for streaming data},
	author={Ahmad, Subutai and Lavin, Alexander and Purdy, Scott and Agha, Zuha},
	journal={Neurocomputing},
	volume={262},
	pages={134--147},
	year={2017},
	publisher={Elsevier}
}

@article{adams2007bayesian,
	title={Bayesian online changepoint detection},
	author={Adams, Ryan Prescott and MacKay, David JC},
	journal={arXiv preprint arXiv:0710.3742},
	year={2007}
}
@inproceedings{wang2011statistical,
	title={Statistical techniques for online anomaly detection in data centers},
	author={Wang, Chengwei and Viswanathan, Krishnamurthy and Choudur, Lakshminarayan and Talwar, Vanish and Satterfield, Wade and Schwan, Karsten},
	booktitle={Integrated Network Management (IM), 2011 IFIP/IEEE International Symposium on},
	pages={385--392},
	year={2011},
	organization={IEEE}
}

@online{ContextOSE,
	author = {smirmik},
	title = {Contextual Anomaly Detector},
	year = 2016,
	url = {https://github.com/smirmik/CAD},
	urldate = {2018-04-30}
}
@article{burnaev2016conformalized,
	title={Conformalized density-and distance-based anomaly detection in time-series data},
	author={Burnaev, Evgeny and Ishimtsev, Vladislav},
	journal={arXiv preprint arXiv:1608.04585},
	year={2016}
}
@article{huang2016non,
	title={A non-parameter outlier detection algorithm based on natural neighbor},
	author={Huang, Jinlong and Zhu, Qingsheng and Yang, Lijun and Feng, Ji},
	journal={Knowledge-Based Systems},
	volume={92},
	pages={71--77},
	year={2016},
	publisher={Elsevier}
}
@article{ha2014robust,
	title={Robust outlier detection using the instability factor},
	author={Ha, Jihyun and Seok, Seulgi and Lee, Jong-Seok},
	journal={Knowledge-Based Systems},
	volume={63},
	pages={15--23},
	year={2014},
	publisher={Elsevier}
}
@article{he2003discovering,
	title={Discovering cluster-based local outliers},
	author={He, Zengyou and Xu, Xiaofei and Deng, Shengchun},
	journal={Pattern Recognition Letters},
	volume={24},
	number={9},
	pages={1641--1650},
	year={2003},
	publisher={Elsevier}
}
@inproceedings{he2002outlier,
	title={Outlier detection integrating semantic knowledge},
	author={He, Zengyou and Deng, Shengchun and Xu, Xiaofei},
	booktitle={International Conference on Web-Age Information Management},
	pages={126--131},
	year={2002},
	organization={Springer}
}
@article{tang2002enhancing,
	title={Enhancing effectiveness of outlier detections for low density patterns},
	author={Tang, Jian and Chen, Zhixiang and Fu, Ada and Cheung, David},
	journal={Advances in Knowledge Discovery and Data Mining},
	pages={535--548},
	year={2002},
	publisher={Springer}
}
@inproceedings{jin2006ranking,
	title={Ranking Outliers Using Symmetric Neighborhood Relationship.},
	author={Jin, Wen and Tung, Anthony KH and Han, Jiawei and Wang, Wei},
	booktitle={PAKDD},
	volume={6},
	pages={577--593},
	year={2006},
	organization={Springer}
}
@article{burnaev2016conformalized,
	title={Conformalized density-and distance-based anomaly detection in time-series data},
	author={Burnaev, Evgeny and Ishimtsev, Vladislav},
	journal={arXiv preprint arXiv:1608.04585},
	year={2016}
}
@article{fan2006nonparametric,
	title={A nonparametric outlier detection for effectively discovering top-n outliers from engineering data},
	author={Fan, Hongqin and Za{\"\i}ane, Osmar and Foss, Andrew and Wu, Junfeng},
	journal={Advances in Knowledge Discovery and Data Mining},
	pages={557--566},
	year={2006},
	publisher={Springer}
}
@inproceedings{wu2006outlier,
	title={Outlier detection by sampling with accuracy guarantees},
	author={Wu, Mingxi and Jermaine, Christopher},
	booktitle={Proceedings of the 12th ACM SIGKDD international conference on Knowledge discovery and data mining},
	pages={767--772},
	year={2006},
	organization={ACM}
}
@inproceedings{knorr1997unified,
	title={A unified approach for mining outliers},
	author={Knorr, Edwin M and Ng, Raymond T},
	booktitle={Proceedings of the 1997 conference of the Centre for Advanced Studies on Collaborative research},
	pages={11},
	year={1997},
	organization={IBM Press}
}
@article{zhang2006detecting,
	title={Detecting outlying subspaces for high-dimensional data: the new task, algorithms, and performance},
	author={Zhang, Ji and Wang, Hai},
	journal={Knowledge and information systems},
	volume={10},
	number={3},
	pages={333--355},
	year={2006},
	publisher={Springer}
}
@inproceedings{angiulli2002fast,
	title={Fast outlier detection in high dimensional spaces},
	author={Angiulli, Fabrizio and Pizzuti, Clara},
	booktitle={European Conference on Principles of Data Mining and Knowledge Discovery},
	pages={15--27},
	year={2002},
	organization={Springer}
}
@article{eskin2002geometric,
	title={A geometric framework for unsupervised anomaly detection: Detecting intrusions in unlabeled data},
	author={Eskin, Eleazar and Arnold, Andrew and Prerau, Michael and Portnoy, Leonid and Stolfo, Sal},
	journal={Applications of data mining in computer security},
	volume={6},
	pages={77--102},
	year={2002}
}
@article{guttormsson1999elliptical,
	title={Elliptical novelty grouping for on-line short-turn detection of excited running rotors},
	author={Guttormsson, Sigurour E and Marks, RJ and El-Sharkawi, MA and Kerszenbaum, I},
	journal={IEEE Transactions on Energy Conversion},
	volume={14},
	number={1},
	pages={16--22},
	year={1999},
	publisher={IEEE}
}
@article{byers1998nearest,
	title={Nearest-neighbor clutter removal for estimating features in spatial point processes},
	author={Byers, Simon and Raftery, Adrian E},
	journal={Journal of the American Statistical Association},
	volume={93},
	number={442},
	pages={577--584},
	year={1998},
	publisher={Taylor \& Francis Group}
}
@article{chandola2008understanding,
	title={Understanding categorical similarity measures for outlier detection},
	author={Chandola, Varun and Boriah, Shyam and Kumar, Vipin},
	journal={Technical report 08--008, University of Minnesota},
	year={2008}
}
@inproceedings{boriah2008similarity,
	title={Similarity measures for categorical data: A comparative evaluation},
	author={Boriah, Shyam and Chandola, Varun and Kumar, Vipin},
	booktitle={Proceedings of the 2008 SIAM International Conference on Data Mining},
	pages={243--254},
	year={2008},
	organization={SIAM}
}
@inproceedings{kriegel2009loop,
	title={LoOP: local outlier probabilities},
	author={Kriegel, Hans-Peter and Kr{\"o}ger, Peer and Schubert, Erich and Zimek, Arthur},
	booktitle={Proceedings of the 18th ACM conference on Information and knowledge management},
	pages={1649--1652},
	year={2009},
	organization={ACM}
}
@inproceedings{tang2001robust,
	title={A robust outlier detection scheme for large data sets},
	author={Tang, Jian and Chen, Zhixiang and Fu, Ada Wai-chee and Cheung, David},
	booktitle={In 6th Pacific-Asia Conf. on Knowledge Discovery and Data Mining},
	year={2001},
	organization={Citeseer}
}
@article{Breunig:2000:LID:335191.335388,
	author = {Breunig, Markus M. and Kriegel, Hans-Peter and Ng, Raymond T. and Sander, J\"{o}rg},
	title = {LOF: Identifying Density-based Local Outliers},
	journal = {SIGMOD Rec.},
	issue_date = {June 2000},
	volume = {29},
	number = {2},
	month = may,
	year = {2000},
	issn = {0163-5808},
	pages = {93--104},
	numpages = {12},
	url = {http://doi.acm.org/10.1145/335191.335388},
	doi = {10.1145/335191.335388},
	acmid = {335388},
	publisher = {ACM},
	address = {New York, NY, USA},
	keywords = {database mining, outlier detection},
}
@article{chandola2009anomaly,
	title={Anomaly detection: A survey},
	author={Chandola, Varun and Banerjee, Arindam and Kumar, Vipin},
	journal={ACM computing surveys (CSUR)},
	volume={41},
	number={3},
	pages={15},
	year={2009},
	publisher={ACM}
}
@article{cohn1994improving,
	title={Improving generalization with active learning},
	author={Cohn, David and Atlas, Les and Ladner, Richard},
	journal={Machine learning},
	volume={15},
	number={2},
	pages={201--221},
	year={1994},
	publisher={Springer}
}
@misc{o1997pragmatic,
	title={A Pragmatic introduction to signal processing},
	author={O'Haver, Tom},
	year={1997}
}
@article{Huang2016,
	abstract = {Outlier detection is an important task in data mining with numerous applications, including credit card fraud detection, video surveillance, etc. Although many Outlier detection algorithm have been proposed. However, for most of these algorithms faced a serious problem that it is very difficult to select an appropriate parameter when they run on a dataset. In this paper we use the method of Natural Neighbor to adaptively obtain the parameter, named Natural Value. We also propose a novel notion that Natural Outlier Factor (NOF) to measure the outliers and provide the algorithm based on Natural Neighbor (NaN) that does not require any parameters to compute the NOF of the objects in the database. The formal analysis and experiments show that this method can achieve good performance in outlier detection.},
	author = {Huang, Jinlong and Zhu, Qingsheng and Yang, Lijun and Feng, Ji},
	doi = {10.1016/j.knosys.2015.10.014},
	file = {:C$\backslash$:/Users/Kim Hung LE/AppData/Local/Mendeley Ltd./Mendeley Desktop/Downloaded/Huang et al. - 2016 - A non-parameter outlier detection algorithm based on Natural Neighbor.pdf:pdf},
	issn = {09507051},
	journal = {Knowledge-Based Systems},
	keywords = {Natural Neighbor,Natural Outlier Factor,Outlier detection},
	month = {jan},
	pages = {71--77},
	publisher = {Elsevier B.V.},
	title = {{A non-parameter outlier detection algorithm based on Natural Neighbor}},
	url = {http://dx.doi.org/10.1016/j.knosys.2015.10.014 http://linkinghub.elsevier.com/retrieve/pii/S0950705115004013},
	volume = {92},
	year = {2016}
}
@article{killick2014changepoint,
	title={changepoint: An R package for changepoint analysis},
	author={Killick, Rebecca and Eckley, Idris},
	journal={Journal of Statistical Software},
	volume={58},
	number={3},
	pages={1--19},
	year={2014}
}
@article{branch2013network,
	title={In-network outlier detection in wireless sensor networks},
	author={Branch, Joel W and Giannella, Chris and Szymanski, Boleslaw and Wolff, Ran and Kargupta, Hillol},
	journal={Knowledge and information systems},
	volume={34},
	number={1},
	pages={23--54},
	year={2013},
	publisher={Springer}
}
@article{evans2011internet,
  title={The internet of things: How the next evolution of the internet is changing everything},
  author={Evans, Dave},
  journal={CISCO white paper},
  volume={1},
  number={2011},
  pages={1--11},
  year={2011}
}
@article{zeng2011web,
	title={The web of things: A survey},
	author={Zeng, Deze and Guo, Song and Cheng, Zixue},
	journal={Journal of Communications},
	volume={6},
	number={6},
	pages={424--438},
	year={2011}
}
@article{dietrich2009lifetime,
  title={On the lifetime of wireless sensor networks},
  author={Dietrich, Isabel and Dressler, Falko},
  journal={ACM Transactions on Sensor Networks (TOSN)},
  volume={5},
  number={1},
  pages={5},
  year={2009},
  publisher={ACM}
}
@article{chandola2009anomaly,
	title={Anomaly detection: A survey},
	author={Chandola, Varun and Banerjee, Arindam and Kumar, Vipin},
	journal={ACM computing surveys (CSUR)},
	volume={41},
	number={3},
	pages={15},
	year={2009},
	publisher={ACM}
}
@article{zhang2010outlier,
  title={Outlier detection techniques for wireless sensor networks: A survey.},
  author={Zhang, Yang and Meratnia, Nirvana and Havinga, Paul JM},
  journal={IEEE Communications Surveys and Tutorials},
  volume={12},
  number={2},
  pages={159--170},
  year={2010}
}
@article{otey2005fast,
  title={Fast lightweight outlier detection in mixed-attribute data},
  author={Otey, Matthew Eric and Parthasarathy, Srinivasan and Ghoting, Amol},
  journal={Techincal Report, OSU--CISRC--6/05--TR43},
  year={2005}
}
@article{branch2013network,
  title={In-network outlier detection in wireless sensor networks},
  author={Branch, Joel W and Giannella, Chris and Szymanski, Boleslaw and Wolff, Ran and Kargupta, Hillol},
  journal={Knowledge and information systems},
  volume={34},
  number={1},
  pages={23--54},
  year={2013},
  publisher={Springer}
}
@inproceedings{javed2012automated,
  title={Automated sensor verification using outlier detection in the internet of things},
  author={Javed, Nauman and Wolf, Tilman},
  booktitle={Distributed Computing Systems Workshops (ICDCSW), 2012 32nd International Conference on},
  pages={291--296},
  year={2012},
  organization={IEEE}
}
@article{barros2012handbook,
  title={Handbook of service description},
  author={Barros, Alistair and Oberle, Daniel},
  journal={USDL and Its Methods},
  year={2012},
  publisher={Springer}
}
@article{bauer2016semantic,
  title={Semantic interoperability for the web of things},
  author={Bauer, M and Davies, J and Girod-Genet, M and Underwood, M},
  journal={Available via Research Gate. Accessed November},
  volume={27},
  pages={2017},
  year={2016}
}
@article{borgia2014internet,
  title={The Internet of Things vision: Key features, applications and open issues},
  author={Borgia, Eleonora},
  journal={Computer Communications},
  volume={54},
  pages={1--31},
  year={2014},
  publisher={Elsevier}
}
@article{bello2017network,
  title={Network layer inter-operation of Device-to-Device communication technologies in Internet of Things (IoT)},
  author={Bello, Oladayo and Zeadally, Sherali and Badra, Mohamad},
  journal={Ad Hoc Networks},
  volume={57},
  pages={52--62},
  year={2017},
  publisher={Elsevier}
}
@article{hahm2016operating,
  title={Operating systems for low-end devices in the internet of things: a survey},
  author={Hahm, Oliver and Baccelli, Emmanuel and Petersen, Hauke and Tsiftes, Nicolas},
  journal={IEEE Internet of Things Journal},
  volume={3},
  number={5},
  pages={720--734},
  year={2016},
  publisher={IEEE}
}
@inproceedings{morse2004findings,
  title={Findings and recommendations from the 2003 composable mission space environments workshop},
  author={Morse, Katherine L and Petty, Mike D and Reynolds, PF and Waite, WF and Zimmerman, PM},
  booktitle={proceedings of the 2004 spring simulation interoperability workshop, Arlington VA},
  pages={313--323},
  year={2004}
}
@article{radatz1990ieee,
  title={IEEE standard glossary of software engineering terminology},
  author={Radatz, Jane and Geraci, Anne and Katki, Freny},
  journal={IEEE Std},
  volume={610121990},
  number={121990},
  pages={3},
  year={1990}
}
@inproceedings{zdravkovic2016survey,
  title={Survey of Internet-of-Things platforms},
  author={Zdravkovi{\'c}, Milan and Trajanovi{\'c}, Miroslav and Sarraipa, Jo{\~a}o and Jardim-Gon{\c{c}}alves, Ricardo and Lezoche, Mario and Aubry, Alexis and Panetto, Herv{\'e}},
  booktitle={6th International Conference on Information Society and Techology, ICIST 2016},
  volume={1},
  pages={216--220},
  year={2016}
}
@article{botta2016integration,
  title={Integration of cloud computing and internet of things: a survey},
  author={Botta, Alessio and De Donato, Walter and Persico, Valerio and Pescap{\'e}, Antonio},
  journal={Future Generation Computer Systems},
  volume={56},
  pages={684--700},
  year={2016},
  publisher={Elsevier}
}
@article{dash2010survey,
  title={A survey on applications of wireless sensor network using cloud computing},
  author={Dash, Sanjit Kumar and Mohapatra, Subasish and Pattnaik, Prasant Kumar},
  journal={International Journal of Computer Science \& Emerging Technologies},
  volume={1},
  number={4},
  pages={50--55},
  year={2010}
}
@article{aguzzi2013definition,
  title={Definition of a research and innovation policy leveraging Cloud Computing and IoT combination},
  author={Aguzzi, S and Bradshaw, D and Canning, M and Cansfield, M and Carter, P and Cattaneo, G and Gusmeroli, S and Micheletti, G and Rotondi, D and Stevens, R},
  journal={Final Report, European Commission, SMART},
  volume={37},
  pages={2013},
  year={2013}
}
@inproceedings{parwekar2011internet,
  title={From internet of things towards cloud of things},
  author={Parwekar, Pritee},
  booktitle={Computer and Communication Technology (ICCCT), 2011 2nd International Conference on},
  pages={329--333},
  year={2011},
  organization={IEEE}
}
@inproceedings{suciu2013smart,
  title={Smart cities built on resilient cloud computing and secure internet of things},
  author={Suciu, George and Vulpe, Alexandru and Halunga, Simona and Fratu, Octavian and Todoran, Gyorgy and Suciu, Victor},
  booktitle={Control Systems and Computer Science (CSCS), 2013 19th International Conference on},
  pages={513--518},
  year={2013},
  organization={IEEE}
}
@inproceedings{fox2012architecture,
  title={Architecture and measured characteristics of a cloud based internet of things},
  author={Fox, Geoffrey C and Kamburugamuve, Supun and Hartman, Ryan D},
  booktitle={2012 international conference on Collaboration Technologies and Systems (CTS)},
  pages={6--12},
  year={2012},
  organization={IEEE}
}
@inproceedings{gomes2014future,
  title={Future directions for providing better IoT infrastructure},
  author={Gomes, M{\'a}rcio Miguel and Righi, Rodrigo da Rosa and da Costa, Cristiano Andr{\'e}},
  booktitle={Proceedings of the 2014 ACM International Joint Conference on Pervasive and Ubiquitous Computing: Adjunct Publication},
  pages={51--54},
  year={2014},
  organization={ACM}
}
@inproceedings{alhakbani2014framework,
  title={A framework of adaptive interaction support in Cloud-based Internet of Things (IoT) environment},
  author={Alhakbani, Noura and Hassan, Mohammed Mehedi and Hossain, M Anwar and Alnuem, Mohammed},
  booktitle={International Conference on Internet and Distributed Computing Systems},
  pages={136--146},
  year={2014},
  organization={Springer}
}
@inproceedings{botta2014integration,
  title={On the integration of cloud computing and internet of things},
  author={Botta, Alessio and De Donato, Walter and Persico, Valerio and Pescap{\'e}, Antonio},
  booktitle={Future internet of things and cloud (FiCloud), 2014 international conference on},
  pages={23--30},
  year={2014},
  organization={IEEE}
}
@article{spillner2013creating,
  title={Creating optimal cloud storage systems},
  author={Spillner, Josef and M{\"u}Ller, Johannes and Schill, Alexander},
  journal={Future Generation Computer Systems},
  volume={29},
  number={4},
  pages={1062--1072},
  year={2013},
  publisher={Elsevier}
}
@article{mell2011nist,
  title={The NIST definition of cloud computing},
  author={Mell, Peter and Grance, Tim and others},
  year={2011},
  publisher={Computer Security Division, Information Technology Laboratory, National~…}
}
@article{modukari2005autonomous,
  title={Autonomous middleware framework for sensor networks},
  author={Modukari, Kiran and Hariri, Salim and Chalfoun, Nader V and Yousif, Mazin},
  journal={International Journal of Pervasive Computing and Communications},
  volume={1},
  number={4},
  pages={337--345},
  year={2005},
  publisher={Emerald Group Publishing Limited}
}
@inproceedings{guo2011living,
  title={Living with internet of things: The emergence of embedded intelligence},
  author={Guo, Bin and Zhang, Daqing and Wang, Zhu},
  booktitle={2011 IEEE International Conferences on Internet of Things, and Cyber, Physical and Social Computing},
  pages={297--304},
  year={2011},
  organization={IEEE}
}
@misc{TinyDBAD18:online,
author = {},
title = {TinyDB: A Declarative Database for Sensor Networks},
howpublished = {\url{http://telegraph.cs.berkeley.edu/tinydb/}},
month = {},
year = {},
note = {(Accessed on 12/20/2018)}
}
@misc{LoRaWANR96:online,
author = {},
title = {LoRaWAN R1.0 Open Standard Released for the IoT | Business Wire},
howpublished = {\url{https://www.businesswire.com/news/home/20150616006550/en/LoRaWAN-R1.0-Open-Standard-Released-IoT}},
month = {},
year = {},
note = {(Accessed on 12/19/2018)}
}
@misc{LoRaGate79:online,
author = {},
title = {LoRa Gateways and Concentrators | LORIOT.io},
howpublished = {\url{https://www.loriot.io/lorawan.html}},
month = {},
year = {},
note = {(Accessed on 12/19/2018)}
}
@article{grant20163gpp,
  title={3GPP Low Power Wide Area Technologies-GSMA White Paper},
  author={Grant, Svetlana},
  journal={gsma. com},
  year={2016}
}
@misc{starksm694:online,
author = {},
title = {starksm64/iotresearch: Research on what makes up IoT},
howpublished = {\url{https://github.com/starksm64/iotresearch}},
month = {},
year = {},
note = {(Accessed on 12/19/2018)}
}
@article{o2007toward,
  title={Toward a commodity enterprise middleware},
  author={O'Hara, John},
  journal={Queue},
  volume={5},
  number={4},
  pages={48--55},
  year={2007},
  publisher={ACM}
}
@article{colitti2011integrating,
  title={Integrating wireless sensor networks with the web},
  author={Colitti, Walter and Steenhaut, Kris and De Caro, Niccol{\`o}},
  journal={Extending the Internet to Low power and Lossy Networks (IP+ SN 2011)},
  year={2011}
}
@misc{RFC7252T93:online,
author = {},
title = {RFC 7252 - The Constrained Application Protocol (CoAP)},
howpublished = {\url{https://tools.ietf.org/html/rfc7252}},
month = {},
year = {},
note = {(Accessed on 12/19/2018)}
}
@misc{RFC6970U68:online,
author = {},
title = {RFC 6970 - Universal Plug and Play (UPnP) Internet Gateway Device - Port Control Protocol Interworking Function (IGD-PCP IWF)},
howpublished = {\url{https://tools.ietf.org/html/rfc6970}},
month = {},
year = {},
note = {(Accessed on 12/18/2018)}
}
@misc{HyperCat76:online,
author = {},
title = {HyperCat Developer},
howpublished = {\url{https://hypercatiot.github.io/}},
month = {},
year = {},
note = {(Accessed on 12/18/2018)}
}
@techreport{cheshire2013multicast,
  title={Multicast dns},
  author={Cheshire, Stuart and Krochmal, Marc},
  year={2013}
}
@article{pister2008tsmp,
  title={TSMP: Time synchronized mesh protocol},
  author={Pister, Kris and Doherty, Lance},
  journal={IASTED Distributed Sensor Networks},
  volume={391},
  pages={398},
  year={2008}
}
@misc{shelby2003nanoip,
  title={NanoIP},
  author={Shelby, Z and Riihij{\"a}rvi, J and Raivio, O and M{\"a}h{\"o}nen, O},
  year={2003},
  publisher={Internet-draft draft-shelby-nanoIP-00, IETF}
}
@misc{adamdunk86:online,
author = {},
title = {adamdunkels/uip: The historical uIP sources},
howpublished = {\url{https://github.com/adamdunkels/uip}},
month = {},
year = {},
note = {(Accessed on 12/18/2018)}
}
@inproceedings{Mulligan:2007:ARC:1278972.1278992,
 author = {Mulligan, Geoff},
 title = {The 6LoWPAN Architecture},
 booktitle = {Proceedings of the 4th Workshop on Embedded Networked Sensors},
 series = {EmNets '07},
 year = {2007},
 isbn = {978-1-59593-694-3},
 location = {Cork, Ireland},
 pages = {78--82},
 numpages = {5},
 url = {http://doi.acm.org/10.1145/1278972.1278992},
 doi = {10.1145/1278972.1278992},
 acmid = {1278992},
 publisher = {ACM},
 address = {New York, NY, USA},
 keywords = {6LoWPAN, IPv6, internet, internet protocol, sensor networks, sensors},
} 
@book{shelby20116lowpan,
  title={6LoWPAN: The wireless embedded Internet},
  author={Shelby, Zach and Bormann, Carsten},
  volume={43},
  year={2011},
  publisher={John Wiley \& Sons}
}
@article{voas2016networks,
  title={Networks of ‘Things’(NIST Special Publication 800-183)},
  author={Voas, Jeffrey},
  journal={National Institute of Standards and Technology},
  volume={30},
  pages={30},
  year={2016}
}
@book{smith2012internet,
  title={The Internet of things 2012: new horizons},
  author={Smith, Ian G},
  year={2012},
  publisher={CASAGRAS2}
}
@article{minerva2015towards,
  title={Towards a definition of the Internet of Things (IoT)},
  author={Minerva, Roberto and Biru, Abyi and Rotondi, Domenico},
  journal={IEEE Internet Initiative},
  volume={1},
  pages={1--86},
  year={2015}
}
@article{Liu2016,
abstract = {The Internet of Things has received tremendous attention. Large amount of research results have been published in recent years. However, there is a lack of clarity in the terminologies used in the literature. This paper compares the definitions of smart sensors, smart objects and the “things” in Internet of Things. Similarities and differences have been identified.},
author = {Liu, Xing and Baiocchi, Orlando},
doi = {10.1109/IEMCON.2016.7746311},
file = {:D$\backslash$:/Learning Space/WF-IOT 2018/10.1109@iemcon.2016.7746311.pdf:pdf},
isbn = {9781509009961},
journal = {7th IEEE Annual Information Technology, Electronics and Mobile Communication Conference, IEEE IEMCON 2016},
keywords = {Internet of Things,IoT,comparisons,smart objects,smart sensors,terminology,things},
mendeley-groups = {2018 Subject,2018 Subject/Modeling IoT Objects,Conference/WF-IOT 2018},
pages = {1--4},
title = {{A comparison of the definitions for smart sensors, smart objects and Things in IoT}},
year = {2016}
}

@techreport{Northstream2017,
author = {Northstream},
file = {:C$\backslash$:/Users/Kim Hung LE/AppData/Local/Mendeley Ltd./Mendeley Desktop/Downloaded/Northstream - 2017 - Massive IoT different technologies for different needs.pdf:pdf},
mendeley-groups = {2018 Subject/Massive IoT},
title = {{Massive IoT : different technologies for different needs}},
year = {2017}
}

@article{jara2014semantic,
  title={Semantic web of things: an analysis of the application semantics for the iot moving towards the iot convergence},
  author={Jara, Antonio J and Olivieri, Alex C and Bocchi, Yann and Jung, Markus and Kastner, Wolfgang and Skarmeta, Antonio F},
  journal={International Journal of Web and Grid Services},
  volume={10},
  number={2-3},
  pages={244--272},
  year={2014},
  publisher={Inderscience Publishers Ltd}
}
@article{pfisterer2011spitfire,
  title={SPITFIRE: toward a semantic web of things},
  author={Pfisterer, Dennis and Romer, Kay and Bimschas, Daniel and Kleine, Oliver and Mietz, Richard and Truong, Cuong and Hasemann, Henning and Kr{\"o}ller, Alexander and Pagel, Max and Hauswirth, Manfred and others},
  journal={IEEE Communications Magazine},
  volume={49},
  number={11},
  pages={40--48},
  year={2011},
  publisher={IEEE}
}
@book{guinard2016building,
  title={Building the web of things: with examples in node. js and raspberry pi},
  author={Guinard, Dominique and Trifa, Vlad},
  year={2016},
  publisher={Manning Publications Co.}
}
@misc{WebofThi19:online,
author = {},
title = {Web of Things vs Internet of Things: 1/2 – Web of Things},
howpublished = {\url{https://webofthings.org/2016/01/23/wot-vs-iot-12/}},
month = {},
year = {},
note = {(Accessed on 12/17/2018)}
}
@article{minerva2015towards,
  title={Towards a definition of the Internet of Things (IoT)},
  author={Minerva, Roberto and Biru, Abyi and Rotondi, Domenico},
  journal={IEEE Internet Initiative},
  volume={1},
  pages={1--86},
  year={2015}
}
@article{ray2018survey,
  title={A survey on Internet of Things architectures},
  author={Ray, Partha Pratim},
  journal={Journal of King Saud University-Computer and Information Sciences},
  volume={30},
  number={3},
  pages={291--319},
  year={2018},
  publisher={Elsevier}
}
@article{madakam2015internet,
  title={Internet of Things (IoT): A literature review},
  author={Madakam, Somayya and Ramaswamy, R and Tripathi, Siddharth},
  journal={Journal of Computer and Communications},
  volume={3},
  number={05},
  pages={164},
  year={2015},
  publisher={Scientific Research Publishing}
}
@inproceedings{kim2017scalable,
  title={A scalable IoT framework to design logical data flow using virtual sensor},
  author={Kim-Hung, Le and Datta, Soumya Kanti and Bonnet, Christian and Hamon, Fran{\c{c}}ois and Boudonne, Alexandre},
  booktitle={2017 IEEE 13th International Conference on Wireless and Mobile Computing, Networking and Communications (WiMob)},
  pages={1--7},
  year={2017},
  organization={IEEE}
}
@inproceedings{kim2017industrial,
  title={An industrial IoT framework to simplify connection process using system-generated connector},
  author={Kim-Hung, Le and Datta, Soumya Kanti and Bonnet, Christian and Hamon, Francois and Boudonne, Alexandre},
  booktitle={Research and Technologies for Society and Industry (RTSI), 2017 IEEE 3rd International Forum on},
  pages={1--6},
  year={2017},
  organization={IEEE}
}
@article{alippi2010adaptive,
  title={An adaptive sampling algorithm for effective energy management in wireless sensor networks with energy-hungry sensors},
  author={Alippi, Cesare and Anastasi, Giuseppe and Di Francesco, Mario and Roveri, Manuel},
  journal={IEEE Transactions on Instrumentation and Measurement},
  volume={59},
  number={2},
  pages={335--344},
  year={2010},
  publisher={IEEE}
}
@inproceedings{mikhaylov2016analysis,
  title={Analysis of capacity and scalability of the LoRa low power wide area network technology},
  author={Mikhaylov, Konstantin and Petaejaejaervi, Juha and Haenninen, Tuomo},
  booktitle={European Wireless 2016; 22th European Wireless Conference; Proceedings of},
  pages={1--6},
  year={2016},
  organization={VDE}
}
@inproceedings{lee2010extending,
  title={Extending sensor networks into the cloud using amazon web services},
  author={Lee, Kevin and Murray, David and Hughes, Danny and Joosen, Wouter},
  booktitle={Networked Embedded Systems for Enterprise Applications (NESEA), 2010 IEEE International Conference on},
  pages={1--7},
  year={2010},
  organization={IEEE}
}
@article{zeng2011web,
	title={The web of things: A survey},
	author={Zeng, Deze and Guo, Song and Cheng, Zixue},
	journal={Journal of Communications},
	volume={6},
	number={6},
	pages={424--438},
	year={2011}
}
@article{branch2013network,
	title={In-network outlier detection in wireless sensor networks},
	author={Branch, Joel W and Giannella, Chris and Szymanski, Boleslaw and Wolff, Ran and Kargupta, Hillol},
	journal={Knowledge and information systems},
	volume={34},
	number={1},
	pages={23--54},
	year={2013},
	publisher={Springer}
}
@article{Botta2016,
  doi = {10.1016/j.future.2015.09.021},
  url = {https://doi.org/10.1016/j.future.2015.09.021},
  year  = {2016},
  month = {mar},
  publisher = {Elsevier {BV}},
  volume = {56},
  pages = {684--700},
  author = {Alessio Botta and Walter de Donato and Valerio Persico and Antonio Pescap{\'{e}}},
  title = {Integration of Cloud computing and Internet of Things: A survey},
  journal = {Future Generation Computer Systems}
}
@article{dinh2013survey,
  title={A survey of mobile cloud computing: architecture, applications, and approaches},
  author={Dinh, Hoang T and Lee, Chonho and Niyato, Dusit and Wang, Ping},
  journal={Wireless communications and mobile computing},
  volume={13},
  number={18},
  pages={1587--1611},
  year={2013},
  publisher={Wiley Online Library}
}
@article{botta2016integration,
  title={Integration of cloud computing and internet of things: a survey},
  author={Botta, Alessio and De Donato, Walter and Persico, Valerio and Pescap{\'e}, Antonio},
  journal={Future Generation Computer Systems},
  volume={56},
  pages={684--700},
  year={2016},
  publisher={Elsevier}
}
@inproceedings{suciu2013smart,
  title={Smart cities built on resilient cloud computing and secure internet of things},
  author={Suciu, George and Vulpe, Alexandru and Halunga, Simona and Fratu, Octavian and Todoran, Gyorgy and Suciu, Victor},
  booktitle={Control Systems and Computer Science (CSCS), 2013 19th International Conference on},
  pages={513--518},
  year={2013},
  organization={IEEE}
}
@article{dash2010survey,
  title={A survey on applications of wireless sensor network using cloud computing},
  author={Dash, Sanjit Kumar and Mohapatra, Subasish and Pattnaik, Prasant Kumar},
  journal={International Journal of Computer Science \& Emerging Technologies},
  volume={1},
  number={4},
  pages={50--55},
  year={2010}
}
@inproceedings{fox2012architecture,
  title={Architecture and measured characteristics of a cloud based internet of things},
  author={Fox, Geoffrey C and Kamburugamuve, Supun and Hartman, Ryan D},
  booktitle={2012 international conference on Collaboration Technologies and Systems (CTS)},
  pages={6--12},
  year={2012},
  organization={IEEE}
}
@article{serrano2015internet,
  title={Internet of Things iot semantic interoperability: Research challenges, best practices, recommendations and next steps},
  author={Serrano, Mart{\'\i}n and Barnaghi, Payam and Carrez, Francois and Cousin, Philippe and Vermesan, Ovidiu and Friess, Peter},
  journal={IERC: European Research Cluster on the Internet of Things, Tech. Rep},
  year={2015}
}
@article{bandyopadhyay2011internet,
  title={Internet of things: Applications and challenges in technology and standardization},
  author={Bandyopadhyay, Debasis and Sen, Jaydip},
  journal={Wireless Personal Communications},
  volume={58},
  number={1},
  pages={49--69},
  year={2011},
  publisher={Springer}
}
@misc{TheInter38:online,
author = {},
title = {The Internet of Things [INFOGRAPHIC]},
howpublished = {\url{https://blogs.cisco.com/diversity/the-internet-of-things-infographic}},
month = {},
year = {},
note = {(Accessed on 12/13/2018)}
}
@book{2010,
  doi = {10.1007/978-1-4419-1674-7},
  url = {https://doi.org/10.1007/978-1-4419-1674-7},
  year  = {2010},
  publisher = {Springer New York},
  editor = {Daniel Giusto and Antonio Iera and Giacomo Morabito and Luigi Atzori},
  title = {The Internet of Things}
}
@article{intelligence2008six,
  title={Six Technologies with Potential Impacts on US Interests out to 2025},
  author={Intelligence, SCB},
  journal={National Intelligent Concil, Tech. Rep},
  year={2008}
}
@article{lee2015internet,
  title={The Internet of Things (IoT): Applications, investments, and challenges for enterprises},
  author={Lee, In and Lee, Kyoochun},
  journal={Business Horizons},
  volume={58},
  number={4},
  pages={431--440},
  year={2015},
  publisher={Elsevier}
}
@article{vermesan2013internet,
  title={Internet of things strategic research and innovation agenda},
  author={Vermesan, Ovidiu and Friess, Peter and Guillemin, Patrick and Sundmaeker, Harald and Eisenhauer, Markus and Moessner, Klaus and Le Gall, Franck and Cousin, Philippe},
  journal={RIVER PUBLISHERS SERIES IN COMMUNICATIONS},
  pages={7},
  year={2013}
}
@article{bassi2008internet,
  title={Internet of Things in 2020: A Roadmap for the Future},
  author={Bassi, Alessandro and Horn, Geir},
  journal={European Commission: Information Society and Media},
  volume={22},
  pages={97--114},
  year={2008}
}
@article{atzori2010internet,
  title={The internet of things: A survey},
  author={Atzori, Luigi and Iera, Antonio and Morabito, Giacomo},
  journal={Computer networks},
  volume={54},
  number={15},
  pages={2787--2805},
  year={2010},
  publisher={Elsevier}
}
@book{manyika2013disruptive,
  title={Disruptive technologies: Advances that will transform life, business, and the global economy},
  author={Manyika, James and Chui, Michael and Bughin, Jacques and Dobbs, Richard and Bisson, Peter and Marrs, Alex},
  volume={180},
  year={2013},
  publisher={McKinsey Global Institute San Francisco, CA}
}
@article{gantz2012digital,
  title={The digital universe in 2020: Big data, bigger digital shadows, and biggest growth in the far east},
  author={Gantz, John and Reinsel, David},
  journal={IDC iView: IDC Analyze the future},
  volume={2007},
  number={2012},
  pages={1--16},
  year={2012}
}
@article{taylor2013next,
  title={The next generation of the Internet revolutionizing the way we work, live, play, and learn},
  author={Taylor, Stuart},
  journal={CISCO, San Francisco, CA, USA, CISCO Point of View},
  volume={12},
  year={2013}
}
@article{evans2011internet,
  title={The internet of things: How the next evolution of the internet is changing everything},
  author={Evans, Dave},
  journal={CISCO white paper},
  volume={1},
  number={2011},
  pages={1--11},
  year={2011}
}
@article{floyer2013defining,
  title={Defining and sizing the industrial Internet},
  author={Floyer, David},
  journal={Wikibon, Marlborough, MA, USA},
  year={2013}
}
@inproceedings{fersi2015middleware,
  title={Middleware for internet of things: A study},
  author={Fersi, Ghofrane},
  booktitle={Distributed Computing in Sensor Systems (DCOSS), 2015 International Conference on},
  pages={230--235},
  year={2015},
  organization={IEEE}
}
@inproceedings{zahariadis2014fiware,
  title={FIWARE lab: managing resources and services in a cloud federation supporting future internet applications},
  author={Zahariadis, Theodore and Papadakis, Andreas and Alvarez, Federico and Gonzalez, Jose and Lopez, Fernando and Facca, Federico and Al-Hazmi, Yahya},
  booktitle={Utility and Cloud Computing (UCC), 2014 IEEE/ACM 7th International Conference on},
  pages={792--799},
  year={2014},
  organization={IEEE}
}
@misc{iota-fiware-iot-stack, title={FIWARE IoT Agent specification}, url={http://fiware-iot-stack.readthedocs.io/en/latest/device_gateway/}, journal={IoT Agents (IoTA) - FIWARE-IOT-Stack}}
@article{Aberer2006,
author = {Aberer, Karl and Hauswirth, Manfred and Salehi, Ali},
doi = {10.1109/MDM.2007.36},
file = {:C$\backslash$:/Users/Kim Hung LE/Downloads/ecd5bf998a64cfb57798de1ffc8685d528b2.pdf:pdf},
journal = {IEEE Communications Magazine},
keywords = {1 towards a sensor,business week named networked,in 1999,internet,micro-sensor technology as one,of the 21,sensor internet,sensor middleware,sensor networks},
mendeley-groups = {2017 Subjects/IoT Architecture/Sensing as Service},
number = {5005},
pages = {1--14},
title = {{Global Sensor Networks}},
year = {2006}
}
@misc{gsn_2013,
  author = {Ali Sahely, P.W.D.},
  title = {The Global Sensor Networks project},
  year = {2004},
  publisher = {GitHub},
  journal = {GitHub repository},
  howpublished = {\url{https://github.com/LSIR/gsn}}
}
@inproceedings{eisenhauer2009development,
  title={A development platform for integrating wireless devices and sensors into ambient intelligence systems},
  author={Eisenhauer, Markus and Rosengren, Peter and Antolin, Pablo},
  booktitle={Sensor, Mesh and Ad Hoc Communications and Networks Workshops, 2009. SECON Workshops' 09. 6th Annual IEEE Communications Society Conference on},
  pages={1--3},
  year={2009},
  organization={IEEE}
}
@misc{[kaa_project,
  author = {Kaa project},
  title = {Kaa Overview - Kaa open-source IoT platform},
  year = {2016},
  howpublished = {\url{www.kaaproject.org/overview}}
}
@inproceedings{kohler2014platforms,
  title={Platforms for the internet of things--an analysis of existing solutions},
  author={K{\"o}hler, Marcus and W{\"o}rner, Dominic and Wortmann, Felix},
  booktitle={5th Bosch Conference on Systems and Software Engineering (BoCSE)},
  year={2014}
}
@inproceedings{derhamy2015survey,
  title={A survey of commercial frameworks for the internet of things},
  author={Derhamy, Hasan and Eliasson, Jens and Delsing, Jerker and Priller, Peter},
  booktitle={IEEE International Conference on Emerging Technologies and Factory Automation: 08/09/2015-11/09/2015},
  year={2015},
  organization={IEEE Communications Society}
}
@article{solutions25platform,
  title={Platform Technology: ThingWorx. 2016},
  author={Solutions, PTC Enterprise IoT},
  journal={URL: https://www. thingworx. com/(cited on page 25)}
}
@inproceedings{datta2014iot,
  title={An IoT gateway centric architecture to provide novel M2M services},
  author={Datta, Soumya Kanti and Bonnet, Christian and Nikaein, Navid},
  booktitle={Internet of Things (WF-IoT), 2014 IEEE World Forum on},
  pages={514--519},
  year={2014},
  organization={IEEE}
}
@inproceedings{datta2016easing,
  title={Easing iot application development through datatweet framework},
  author={Datta, Soumya Kanti and Bonnet, Christian},
  booktitle={Internet of Things (WF-IoT), 2016 IEEE 3rd World Forum on},
  pages={430--435},
  year={2016},
  organization={IEEE}
}
@misc{joyentnodejs,
  title={Nodejs platform},
  author={Joyent, Inc}
}
@article{nagib2016sighted,
  title={SIGHTED: a framework for semantic integration of heterogeneous sensor data on the Internet of Things},
  author={Nagib, Ahmad M and Hamza, Haitham S},
  journal={Procedia Computer Science},
  volume={83},
  pages={529--536},
  year={2016},
  publisher={Elsevier}
}
@inproceedings{datta2015lightweight,
  title={A lightweight framework for efficient M2M device management in oneM2M architecture},
  author={Datta, Soumya Kanti and Bonnet, Christian},
  booktitle={Recent Advances in Internet of Things (RIoT), 2015 International Conference on},
  pages={1--6},
  year={2015},
  organization={IEEE}
}
@book{rosson2002usability,
  title={Usability engineering: scenario-based development of human-computer interaction},
  author={Rosson, Mary Beth and Carroll, John M},
  year={2002},
  publisher={Morgan Kaufmann}
}
@article{AlFuqahaGuizaniMohammadiAledhariAyyash2015,
author = {A. Al-Fuqaha and M. Guizani and M. Mohammadi and M. Aledhari and M. Ayyash},
journal = {IEEE Communications Surveys & Tutorials},
number = {4},
pages = {2347-2376},
title = {Internet of Things: A Survey on Enabling Technologies, Protocols, and Applications},
volume = {17},
year = {2015},
unidentified = {Fourthquarter},
}

@book{Floyer2013,
address = {Marlborough, MA, USA},
author = {D. Floyer},
publisher = {Wikibon},
title = {Defining and sizing the industrial Internet},
year = {2013},
}

@inproceedings{BottaDonatoPersicoPescape2014,
author = {A. Botta and W. de Donato and V. Persico and A. Pescap{\'e}},
booktitle = {2014 International Conference on Future Internet of Things and Cloud},
pages = {23-30},
publisher = {Barcelona},
title = {On the Integration of Cloud Computing and Internet of Things},
year = {2014},
}

@inproceedings{Julien2006,
author = {S. Kabadayi A. Pridgen C. Julien},
booktitle = {Proceedings of the 2006 International Symposium on on World of Wireless Mobile and Multimedia Networks},
pages = {587-592},
title = {Virtual sensors: Abstracting data from physical sensors},
year = {2006},
}

@inproceedings{Crowcroft2012,
author = {I. Leontiadis C. Efstratiou C. Mascolo J. Crowcroft},
booktitle = {Proceedings of the 9th European Conference on Wireless Sensor Networks},
pages = {65-81},
title = {Senshare: Transforming sensor networks into multi-application sensing infrastructures},
year = {2012},
}

@inproceedings{GuptaMukherjee2016,
author = {A. Gupta and N. Mukherjee},
booktitle = {2016 8th International Conference on Communication Systems and Networks (COMSNETS)},
pages = {1-8},
publisher = {Bangalore},
title = {Implementation of virtual sensors for building a sensor-cloud environment},
year = {2016},
}

@inproceedings{SBoseAGuptaSAdhikaryN2015,
author = {S. Bose A. Gupta S. Adhikary, N.Mukherjee },
booktitle = {15,},
pages = {25-30},
publisher = {Proceedings of the Second Workshop on Mobile Sensing Computing and Communication ser. MSCC},
title = {"Towards a sensor cloud infrastructure with sensor virtualization"},
year = {2015},
}

@inproceedings{al2013,
author = {J. Zhang al.},
booktitle = {2013 IEEE 10th International Conference on Ubiquitous Intelligence and Computing and 2013 IEEE 10th International Conference on Autonomic and Trusted Computing},
pages = {329-336},
publisher = {Vietri sul Mere},
title = {Supporting Personizable Virtual Internet of Things},
year = {2013},
}

@article{JeongJooHongShinLee2015,
author = {Y. Jeong and H. Joo and G. Hong and D. Shin and S. Lee},
journal = {IEEE Transactions on Consumer Electronics},
month = {August},
number = {3},
pages = {295-301},
title = {AVIoT: web-based interactive authoring and visualization of indoor internet of things},
volume = {61},
year = {2015},
}

@inproceedings{Julien2014,
author = {X. Zheng D. E. Perry C. Julien},
booktitle = {Proceedings ACM International Conference on Mobile Software Engineering and Systems},
month = {June},
pages = {8-17},
title = {BraceForce: a middleware to enable sensing integration in mobile applications for novice programmers},
year = {2014},
}

@article{LHuFWangJZhouK2015,
author = {L. Hu F. Wang J. Zhou, K.Zhao},
journal = {Journal of Sensor},
month = {January},
title = {"A Data Processing Middleware Based on SOA for the Internet of Things"},
year = {2015},
}

@book{BrunelliGalloBenini2016,
address = {Environment and Society. ApplePies Lecture Notes in Electrical Engineering, Springer, Cham},
author = {Brunelli, D. and Gallo, G. and Benini, L.},
publisher = {De Gloria A. Applications in Electronics Pervading Industry},
title = {Sensormind: Virtual Sensing and Complex Event Detection for Internet of Things},
volume = {409},
year = {2016},
}

@inproceedings{GuptaMukherjee2016,
author = {A. Gupta and N. Mukherjee},
booktitle = {2016 8th International Conference on Communication Systems and Networks (COMSNETS)},
pages = {1-8},
publisher = {Bangalore},
title = {Implementation of virtual sensors for building a sensor-cloud environment},
year = {2016},
}

@article{MadriaKumarDalvi2014,
author = {Sanjay Madria and Vimal Kumar and Rashmi Dalvi},
journal = {IEEE Software},
pages = {70-77},
title = {Sensor Cloud: A Cloud of Virtual Sensors},
volume = {31},
year = {2014},
doi = {10.1109/MS.2013.141},
}

@inproceedings{GuptaMukherjee2016,
address = {Jaipur},
author = {A. Gupta and N. Mukherjee},
booktitle = {2016 International Conference on Advances in Computing},
pages = {1608-1614},
publisher = {Communications and Informatics (ICACCI)},
title = {Rationale behind the virtual sensors and their applications},
year = {2016},
}

@inproceedings{BoseGuptaAdhikaryMukherjee2015,
address = {Computing and Communication(MSCC},
author = {Sunanda Bose and Atrayee Gupta and Sriyanjana Adhikary and Nandini Mukherjee},
booktitle = {15), New York, NewYork, USA,},
pages = {25-30},
publisher = {Proceedings of the Second Workshop on Mobile Sensing},
title = {Towards a Sensor-Cloud Infrastructure with Sensor Virtualization},
year = {2015},
}

@book{AdelantadoVilajosanaTusetMartinezMeliaSegui2017,
address = {Institute of Electrical and Electronics Engineers},
author = {Ferran Adelantado and Xavier Vilajosana and Pere Tuset and Borja Martinez and Joan Melia-Segui et al.},
publisher = {IEEE Communications Magazine},
title = {Understanding the Limits of LoRaWAN},
year = {2017},
}

@book{Shelby2012,
author = {Z. Shelby and Ietf Rfc 6690:},
publisher = {IETF},
title = {Constrained RESTful Environments (CoRE) Link Format},
year = {2012},
}

@inproceedings{DattaGyrardBonnetBoudaoud2015,
author = {S. K. Datta and A. Gyrard and C. Bonnet and K. Boudaoud},
booktitle = {2015 3rd International Conference on Future Internet of Things and Cloud},
pages = {100-107},
publisher = {Rome},
title = {oneM2M Architecture Based User Centric IoT Application Development},
year = {2015},
}
@inproceedings{chen2014complex,
	title={Complex event processing for the internet of things and its applications},
	author={Chen, Ching Yu and Fu, Jui Hsi and Sung, Today and Wang, Ping-Feng and Jou, Emery and Feng, Ming-Whei},
	booktitle={Automation Science and Engineering (CASE), 2014 IEEE International Conference on},
	pages={1144--1149},
	year={2014},
	organization={IEEE}
}
@inproceedings{kim2017scalable,
	title={A scalable IoT framework to design logical data flow using virtual sensor},
	author={Kim-Hung, Le and Datta, Soumya Kanti and Bonnet, Christian and Hamon, Fran{\c{c}}ois and Boudonne, Alexandre},
	booktitle={2017 IEEE 13th International Conference on Wireless and Mobile Computing, Networking and Communications (WiMob)},
	pages={1--7},
	year={2017},
	organization={IEEE}
}
@inproceedings{kim2017industrial,
	title={An industrial IoT framework to simplify connection process using system-generated connector},
	author={Kim-Hung, Le and Datta, Soumya Kanti and Bonnet, Christian and Hamon, Francois and Boudonne, Alexandre},
	booktitle={Research and Technologies for Society and Industry (RTSI), 2017 IEEE 3rd International Forum on},
	pages={1--6},
	year={2017},
	organization={IEEE}
}
@article{khaled2018iot,
	title={IoT-DDL--Device Description Language for the “T” in IoT},
	author={Khaled, Ahmed E and Helal, Abdelsalam and Lindquist, Wyatt and Lee, Choonhwa},
	journal={IEEE Access},
	volume={6},
	pages={24048--24063},
	year={2018},
	publisher={IEEE}
}
@ONLINE{thingworx:Online,
	author = {PTC},
	title = {{ThingWorx the 1st application platform for the connected world}},
	year = {2014},
	url = {http://www.thingworx.com/}
}

@ONLINE{thinkspeak:Online,
	author = {MathWorks},
	title = {{Internet of Things—ThingSpeak}},
	year = {2014},
	url = {https://www.thingspeak.com}
}
@ONLINE{Doe:2009:Online,
	author = {xively by LogMeln},
	title = {{Public Cloud for the Internet of Things}},
	year = {2014},
	url = {https://xively.com}
}
@INPROCEEDINGS{7520965, 
	author={S. K. Datta and C. Bonnet}, 
	booktitle={2016 IEEE International Conference on Consumer Electronics-Taiwan (ICCE-TW)}, 
	title={Describing things in the Internet of Things: From CoRE link format to semantic based descriptions}, 
	year={2016}, 
	volume={}, 
	number={}, 
	pages={1-2}, 
	keywords={Internet of Things;semantic networks;Internet of Things;CoRE link format;semantic based descriptions;thing description;linked data format;Semantics;Internet of things;Sensors;Ecosystems;Metadata;Context;Light emitting diodes;CoRE Link Format;IoT;JSON-LD;oneM2M;Semantics;Thing Description}, 
	doi={10.1109/ICCE-TW.2016.7520965}, 
	ISSN={}, 
	month={May},}
@article{pfisterer2011spitfire,
	title={SPITFIRE: toward a semantic web of things},
	author={Pfisterer, Dennis and Romer, Kay and Bimschas, Daniel and Kleine, Oliver and Mietz, Richard and Truong, Cuong and Hasemann, Henning and Kr{\"o}ller, Alexander and Pagel, Max and Hauswirth, Manfred and others},
	journal={IEEE Communications Magazine},
	volume={49},
	number={11},
	pages={40--48},
	year={2011},
	publisher={IEEE}
}
@inproceedings{moraru2011exposing,
	title={Exposing real world information for the web of things},
	author={Moraru, Alexandra and Mladenic, Dunja and Vucnik, Matevz and Porcius, Maria and Fortuna, Carolina and Mohorcic, Mihael},
	booktitle={Proceedings of the 8th International Workshop on Information Integration on the Web: in conjunction with WWW 2011},
	pages={6},
	year={2011},
	organization={ACM}
}
@article{sheth2008semantic,
	title={Semantic sensor web},
	author={Sheth, Amit and Henson, Cory and Sahoo, Satya S},
	journal={IEEE Internet computing},
	volume={12},
	number={4},
	year={2008},
	publisher={IEEE}
}
@inproceedings{orestis2012towards,
	title={Towards integrating iot devices with the web},
	author={Orestis, Akribopoulos and Dimitrios, Amaxilatis and Ioannis, Chatzigiannakis},
	booktitle={Emerging Technologies \& Factory Automation (ETFA), 2012 IEEE 17th Conference on},
	pages={1--4},
	year={2012},
	organization={IEEE}
}
@article{christophe2011web,
	title={The web of things vision: Things as a service and interaction patterns},
	author={Christophe, Benoit and Boussard, Mathieu and Lu, Monique and Pastor, Alain and Toubiana, Vincent},
	journal={Bell labs technical journal},
	volume={16},
	number={1},
	pages={55--61},
	year={2011},
	publisher={Wiley Online Library}
}
@inproceedings{ostermaier2010webplug,
	title={Webplug: A framework for the web of things},
	author={Ostermaier, Benedikt and Schlup, Fabian and R{\"o}mer, Kay},
	booktitle={Pervasive Computing and Communications Workshops (PERCOM Workshops), 2010 8th IEEE International Conference on},
	pages={690--695},
	year={2010},
	organization={IEEE}
}
@article{mayer2010facilitating,
	title={Facilitating the integration and interaction of real-world services for the web of things},
	author={Mayer, Simon and Guinard, Dominique and Trifa, Vlad},
	journal={Proceedings of Urban Internet of Things--Towards Programmable Real-time Cities (UrbanIOT)},
	year={2010}
}
@inproceedings{guinard2009towards,
	title={Towards physical mashups in the web of things},
	author={Guinard, Dominique and Trifa, Vlad and Pham, Thomas and Liechti, Olivier},
	booktitle={Networked Sensing Systems (INSS), 2009 Sixth International Conference on},
	pages={1--4},
	year={2009},
	organization={IEEE}
}
@inproceedings{kaebisch2016thing,
	title={Thing description as enabler of semantic interoperability on the Web of Things},
	author={Kaebisch, Sebastian and Anicic, Darko},
	booktitle={Proc. IoT Semantic Interoperability Workshop},
	pages={1--3},
	year={2016}
}
@misc{wc3_wot,
	title = {{Experimental Implementation of the Web of Things Framework}},
	publisher = {GitHub},
	year = 2016,
	journal = {GitHub repository},
	howpublished = {\url{https://github.com/w3c/web-of-things-framework}},
}
@inproceedings{chen2009atlas,
	title={Atlas: An open model for automatic integration and tele-programming of smart objects},
	author={Chen, Chao and Bose, Raja and Helal, Abdelsalam},
	booktitle={Proceedings of the 3rd International Workshop on Design and Integration Principles for Smart Objects (DIPSO 2009), In conjunction with Ubicomp},
	year={2009}
}
@inproceedings{bose2006building,
	title={Building plug-and-play smart homes using the atlas platform},
	author={Bose, Raja and King, Jeffrey and El-Zabadani, H and Pickles, S and Helal, A},
	booktitle={Proceedings of the 4th International Conference on Smart Homes and Health Telematic (ICOST), Belfast, the Northern Islands},
	pages={265--272},
	year={2006},
	organization={Citeseer}
}
@article{xu2016scalable,
	title={Scalable Cloud-Sensor Architecture for the Internet of Things.},
	author={Xu, Yi and Helal, Abdelsalam},
	journal={IEEE Internet of Things Journal},
	volume={3},
	number={3},
	pages={285--298},
	year={2016}
}
@inproceedings{chen2009device,
	title={Device integration in SODA using the device description language},
	author={Chen, Chao and Helal, Abdelsalam},
	booktitle={Applications and the Internet, 2009. SAINT'09. Ninth Annual International Symposium on},
	pages={100--106},
	year={2009},
	organization={IEEE}
}
@article{sinha2017survey,
	title={A survey on LPWA technology: LoRa and NB-IoT},
	author={Sinha, Rashmi Sharan and Wei, Yiqiao and Hwang, Seung-Hoon},
	journal={Ict Express},
	volume={3},
	number={1},
	pages={14--21},
	year={2017},
	publisher={Elsevier}
}
@TECHREPORT{northstream_iot,
	AUTHOR =        {NorthStream},
	TITLE =         {White paper: Massive IoT: different technologies for different needs},
	YEAR  =         {2017}
}
@misc{W3C_TD,
	title = {{W3C Web of Things (WoT) Thing Description}},
	publisher = {GitHub},
	journal = {GitHub repository},
	howpublished = {\url{https://github.com/w3c/wot-thing-description}},
}
@misc{Charles2013,
	title = {node-red},
	publisher = {GitHub},
	journal = {GitHub repository},
	howpublished = {\url{https://github.com/node-red}},
}
@article{raza2017low,
	title={Low power wide area networks: An overview},
	author={Raza, Usman and Kulkarni, Parag and Sooriyabandara, Mahesh},
	journal={IEEE Communications Surveys \& Tutorials},
	volume={19},
	number={2},
	pages={855--873},
	year={2017},
	publisher={IEEE}
}
@article{lee2015internet,
	title={The Internet of Things (IoT): Applications, investments, and challenges for enterprises},
	author={Lee, In and Lee, Kyoochun},
	journal={Business Horizons},
	volume={58},
	number={4},
	pages={431--440},
	year={2015},
	publisher={Elsevier}
}
@article{manyika2015unlocking,
  title={Unlocking the Potential of the Internet of Things},
  author={Manyika, James and Chui, Michael and Bisson, Peter and Woetzel, Jonathan and Dobbs, Richard and Bughin, Jacques and Aharon, Dan},
  journal={McKinsey Global Institute},
  year={2015}
}
