\usepackage{url}


@misc{itetris,
        title = {{T}he i{TETRIS} project},
	howpublished = "\url{http://www.ict-itetris.eu/10-10-10-community/}"
}
@article{itetrispaper,
  year =        {2010},
  title =       {i{TETRIS} : adaptation of {ITS} technologies for large scale integrated simulation},
  author =      "{V}ineet {K}umar  and  {L}an {L}in and{ D}aniel {K}rajzewicz and {F}atma {H}rizi and  {O}scar {M}artinez and  {J}avier {S}empere {G}ozalvez and  {R}amon {B}auza ",
  JOURNAL =   {in Proc. of the 3rd {IEEE} {I}nternational {S}ymposium on {W}ireless {V}ehicular {C}ommunications ({WIVEC}'10)},
  address =     {{T}aipei, {TAIWAN}, {PROVINCE} {OF} {CHINA}},
  month =       {May},
  url =  	      {http://www.eurecom.fr/publication/3077}
}

@techreport{itetrisd41,
	AUTHOR = {iTETRISWP400},
	TITLE = {{V2V wireless communications modeling}},
	institution = {{D4.1}},
	YEAR = {2009}}
	
	@techreport{itetrisd42,
	AUTHOR = {iTETRISWP400},
	TITLE = {{V2I wireless communications modeling}},
	institution = {{D4.2}},
	YEAR = {2009}}

@techreport{ietf,
	AUTHOR = {G. Karagiannis and R. Wakikawa and J. Kenney and C. J. Bernardos and F. Kargl},
	TITLE = {{Traffic safety applications requirements}},
	institution = {{Internet Engineering Task Force, Internet-Draft draft-karagiannis-traffic-safety-requirements-02.txt}},
	MONTH = "February",
	YEAR = {2010}}
	
@techreport{c2cmanifesto,
	TITLE = {{Car to Car Communication Consortium Manifesto: Overview of the C2C-CC System}},
	institution = {{Car to Car Communication Consortium, C2C-CC}},
	version = "1.1",
	YEAR = {2007}
	}
   
   @techreport{bsm,
	TITLE = {{Dedicated Short Range Communications (DSRC) Message Set Dictionary; SAE Std J2735}},
	institution = {{SAE International, DSRC Committee}},
	month = {November},
	YEAR = {2009}
	}
   
@misc{acea,
        title = {{ACEA (Association des Constructeurs Europeens d'Automobiles)}},
	howpublished = "\url{http://www.acea.be/}"
}

@misc{ns3,
	title = {{T}he ns-3 simulator},
	howpublished = "\url{http://www.nsnam.org/}"
}

@misc{sumo,
	title = {{T}he {SUMO} simulator},
	howpublished = "\url{http://sumo.sourceforge.net/}"
}

@misc{geonet,
	title = {{T}he {G}eo{N}et project},
	howpublished = "\url{http://www.geonet-project.eu/}"
}

@misc{c2c,
	title = {{The C2C-CC official website}},
	howpublished = "\url{http://www.car-2-car.org/}"
}



@misc{who,
	title = {{T}he {W}orld {H}ealth {O}rganizations ({WHO})},
	howpublished = "\url{http://www.who.int}"
}


@misc{wards,
	title = {{The Information Center For And About The Global Auto Industry}},
	howpublished = "\url{http://wardsauto.com/ar/world_vehicle_population_110815}"
}

@misc{ertico,
	title = {{ERTICO}},
	howpublished = "\url{http://www.ertico.com/}"
}

@misc{itsAmerica,
	title = {{ITS America}},
	howpublished = "\url{http://www.itsa.org/}"
}
@misc{sevecom,
	title = {{SeVeCom project}},
	howpublished = "\url{http://www.sevecom.org/}"
}
@misc{comesafety,
	title = {{European ITS Communication Architecture Overall Framework, COMeSafety project}},
	howpublished = "\url{http://www.comesafety.org/}"
}

@misc{fcc,
	title = {{Federal Communications Commission (FCC)}},
	howpublished = "\url{http://wireless.fcc.gov/services/its/dsrc/}"
}


@misc{inrix,
	title = {{INRIX European National Traffic Scorecard in 2010}},
	howpublished = "\url{http://www.inrix.com/scorecard/}"
}

@techreport{comesafety2,
	AUTHOR = {Ronald Bossom and others},
	TITLE = {{European ITS communication architecture - Overall framework - Proof of concept implementation}},
	institution = {{EC FP7 Deliverable, EC ``Information Society Technologies'' Programme}},
	MONTH = "March",
	YEAR = {2009}}


@techreport{etsitc,
	TITLE = {{European Telecommunications Standards Institute (ETSI) - Technical Commitee (TC)}},
	institution = {{Intelligent Transportation Systems (ITS)}}}

@misc{etsi,
	TITLE = {{Intelligent Transportation Systems (ITS); Vehicular Communications; Part 4: Geographical Addressing and Forwarding for Point-to-Point and Point-to-Multipoint Communications; Sub-part1: Media-Independent Functionality}},
	author = {{Draft ETSI TS102 636-4-1 V0.0.5}},
	MONTH = "January",
	YEAR = {2010}}
	
	
	@misc{etsidenm,
	TITLE = {{Intelligent Transportation Systems (ITS); Vehicular Communications; Basic Set of Applications; Part3: Specifications of Decentralized Environmental Notification Basic Service}},
	author = {{Draft ETSI TS102 637-3 V1.1.1}},
	MONTH = "September",
	YEAR = {2010}}


@misc{etsi2,
	TITLE = {{Intelligent Transportation Systems (ITS); Vehicular Communications; Basic Set of Applications; Definition}},
	author = {{ETSI specification TR 102 638, V1.0.5}},
	MONTH = "January",
	YEAR = {2009}}
	
	
	@misc{cam,
	TITLE = {{Intelligent Transportation Systems (ITS); Vehicular Communications; Basic Set of Applications;Part 2: Specification of Cooperative Awareness Basic ServiceBasic set of applications; cooperative awareness basic service}},
	author = {{ETSI specification TS 102 637-2, V1.1.1}},
	MONTH = "April",
	YEAR = {2010}}
	
@article{nctuns,
	AUTHOR = {S.Y. Wang and others},
	TITLE = "{NCTUns 4.0: An Integrated Simulation Platform for Vehicular Traffic}",
	JOURNAL = "in Proc. of the first IEEE International Symposium on Wireless Vehicular Communications (WiVec'07)",
	MONTH = "October", 
	YEAR = {2007}}

@article{groove,
	AUTHOR = {R. Mangharam and others},
	TITLE = "{GrooveSim: a Topography-accurate Simulator for Geographic Routing in Vehicular Networks}",
	JOURNAL = "in Proc. of the second ACM International Workshop on Vehicular Ad hoc Networks (VANET'05)",
	MONTH = "September", 
	YEAR = {2005}}

@article{traci,
	AUTHOR = {A. Wegener and others},
	TITLE = "{TraCI: An Interface for Coupling Road Traffic and Network Simulators}",
	JOURNAL = "in Proc. of the eleventh Communications and Networking Simulation Symposium (CNS'08)",
	MONTH = "April", 
	YEAR = {2008}}
@misc{vanetmobisim,
	title = {VanetMobiSim official website},
	howpublished = "\url{http://vanet.eurecom.fr}"
}
@misc{veins,
	title = {VeiNS official website},
	howpublished = "\url{http://www7.informatik.uni-erlangen.de/veins/}"
}
@misc{ns2,
	title = {Ns-2 official website},
	howpublished = "\url{http://www.isi.edu/nsnam/ns/}"
}

@article{trans,
  author = "Pi\'{o}rkowski, Michal and Raya, Maxim and Lugo, Ada L. and Papadimitratos, Panagiotis and Grossglauser, Matthias and Hubaux, Jean-Pierre",
  title = "{TraNS: Realistic Joint Traffic and Network Simulator for VANETs}",
  JOURNAL = "in Proc. of the ACM SIGMOBILE Mobile Computing and Communications Review",
  month = "January",
  year = {2008}
}

@misc{paramics,
        author       = {PARAMICS},
        title        = {},
        year         = {2012},
        howpublished = {http://www.paramics.com/}
}

@misc{vissim,
        author       = {VISSIM},
        title        = {},
        year         = {2012},
        howpublished =
{http://www.ptv-vision.com/en-uk/products/vision-traffic-suite/ptv-vissim/ov
erview/}
}

@misc{visum,
        author       = {VISUM},
        title        = {},
        year         = {2012},
        howpublished =
{http://www.ptv-vision.com/en-uk/products/vision-traffic-suite/ptv-visum/ove
rview/}
}

@misc{aimsun,
        author       = {Aimsun},
        title        = {},
        year         = {2012},
        howpublished = {http://www.aimsun.com/wp/}
}	

@article{IEEEhowto:storm,
  author = "Sze-Yao Ni and Yu-Chee Tseng and Yuh-Shyan Chen and Jang-Ping Sheu",
  title = "{T}he {B}roadcast {S}torm {P}roblem in a {M}obile {A}d {H}oc {N}etwork",
  JOURNAL = "in Proc. of the fifth annual ACM/IEEE international conference on Mobile computing and networking",
  month = "August",
  year = {1999}
}

@article{emhvb,
    author = "Mariyasagayam, M. N. and Osafune, T. and Lenardi, M.",
    journal = "in Proc. of the seventh International Conference on ITS Telecommunications (ITST'07)",
    title = "{Enhanced Multi-Hop Vehicular Broadcast (MHVB) for Active Safety Applications}",
    year = {2007}
}

@article{95pr, 
author="An, N. and Gaugel, T. and Hartenstein, H.",
title="VANET: Is 95\% probability of packet reception safe?", 
journal = "in Proc. of the eleventh International Conference on ITS Telecommunications (ITST'11)",
year={2011},
month={August}
}

@article{ctr,
    author = "Pakornsiri Akkhara and Yuji Sekiya and Yasushi Wakahara",
    journal = "in Proc. of the IAENG Journal of Computer Science (IJCS)",
    title = "{Efficient Alarm Messaging by Multi-Channel Cut-Through Rebroadcasting based on Inter-Vehicle Communication}",
    year = {2009}
}
 

@article{rear,
  author = "Hao Jiang and Hao Guo and Lijia Chen",
  title = "Reliable and Efficient Alarm Message Routing in VANET",
  JOURNAL = "in Proc. of the 28th International Conference on Distributed Computing Systems Workshops",
  year = {2008}
}

@article{oapb,
  author = "Hamada ALshaer and Eric Horlai",
  title = "{An Optimized Adaptive Broadcast Scheme for Inter-Vehicle Communication}",
  JOURNAL = "in Proc. of the 61st Vehicular Technology Conference (VTC'05)",
  year = {2005}
}

@article{cbf,
  author = {F\"{u}{\ss}ler, Holger and Hartenstein, Hannes and Widmer, J\"{o}rg and Mauve, Martin and Effelsberg, Wolfgang},
  title = {{Contention-Based Forwarding for Street Scenarios}},
  JOURNAL = "in Proc. of the first International Workshop on Intelligent Transportation (WIT'04)",
  month = "March",
  year = {2004}
}


@article{festag,
  author = {R. Baldessari, D. Scanferla, L. Le, W. Zhang and A. Festag},
  title = {{Joining Forces for VANETs: A Combined Transmit Power and Rate Control Algorithm}},
  JOURNAL = "in Proc. of the seventh International Workshop on Intelligent Transportation (WIT'10)",
  year = {2010}
}

@PhdThesis{krauss,
author = {Stefan Krauss},
title = {Microscopic Modeling of Traffic Flow: Investigation
of Collision Free Vehicle Dynamics},
school = {ZAIK, University of
Cologne},
year = {1998}
}

@PhdThesis{Morenothesis,
author = {Marc Torrent-Moreno},
title = {Inter-vehicle communications : achieving safety in a distributed wireless environment : challenges, systems and protocols},
school = {University of Karlsruhe},
year = {2007}
}


@article{IEEEhowto:Morenno,
  author = "Marc Torrent-Moreno",
  title = "{Inter-{V}ehicle {C}ommunications: {A}ssessing {I}nformation {D}issemination under {S}afety {C}onstraints}",
  JOURNAL = "in Proc. of the fourth Annual IEEE/IFIP Conference on Wireless On Demand Network Systems and Services (WONS'07)",
  month = "January",
  year = {2007}
}

@article{emdv,
  author = "Marc Torrent-Moreno",
  title = "{Inter-{V}ehicle {C}ommunications: {A}chieving {S}afety in a {D}istributed {W}ireless {E}nvironment - {C}hallenges, {S}ystems and {P}rotocols}",
  JOURNAL = "Ph.D. thesis, University of Karlsruhe",
  year = {2007}
}

@article{umbgps,
  title={{Effects of Location Uncertainty on Position-based Broadcast Protocols in Inter-vehicle Communication Systems}},
  author={Korkmaz, G. and Ekici, E. and Ozguner, F.},
  JOURNAL={in Proc. of the fifth Annual Mediterranean Ad Hoc Networking Workshop (Med-Hoc-Net'06)},
  year={2006}
}

@article{IEEEhowto:emergency,
  author = "Mimoza Durresi and Arjan Durresi and Leonard Barolli",
  title = "{Emergency {B}roadcast {P}rotocol for {I}nter-{V}ehicle {C}ommunications}",
  JOURNAL = "in Proc. of the eleventh {I}nternational {C}onference on {P}arallel and {D}istributed {S}ystems (ICPADS'05)",
  year = {2005}
}

@article{IEEEhowto:QUICK,
  author = "Claudio E. Palazzi and Stefano Ferretti and Marco Roccetti and Giovanni Pau and Mario Gerla",
  title = "{H}ow {D}o {Y}ou {Q}uickly {C}horeograph {I}nter-{V}ehicular {C}ommunications? {A} {F}ast {V}ehicle-to-{V}ehicle {M}ulti-{H}op {B}roadcast {A}lgorithm, {E}xplained",
  JOURNAL = "in Proc. of the fourth IEEE Consumer Communications and Networking Conference (CCNC'07)",
  month = {January}
  year = {2007}
}

@article{IEEEhowto:fathy,
  author = "Samaneh Khakbaz and Mahmood Fathy",
  title = "{A} {R}eliable {M}ethod for {D}isseminating {S}afety {I}nformation in {V}ehicular {A}d {H}oc {N}etworks {C}onsidering {F}ragmentation {P}roblem",
  JOURNAL = "in Proc. of the fourth International Conference on Wireless and Mobile Communications (ICWMC'08)",
  year = {2008}
}

@article{DBA-MAC,
  author = "Luciano Bononi and Marco Di Felice",
  title = "{A {C}ross {L}ayered {M}AC and {C}lustering {S}cheme for {E}fficient {B}roadcast in {V}ANETs}",
  JOURNAL = "in Proc. of the IEEE International Conference on Mobile Ad hoc and Sensor Systems (MASS'07)",
  month = {October}
  year = {2007}
}

@article{lpg,
  author = "Wai Chen and Jasmine Chennikara-Varghese and John Lee and Shengwei Cai and Toshiro Hikita",
  title = "Dynamic {L}ocal {P}eer {G}roup {O}rganizations for {V}ehicle {C}ommunications",
  JOURNAL = "in Proc. of the third Annual International Conference on Mobile and Ubiquitous Systems - Workshops",
  month = "July",
  year = {2006}
}

@article{IEEEhowto:benefit1,
  author = "Stephan Eichler and Christoph Schroth and Timo Koscht and Markus Strassbergert",
  title = "Strategies for {C}ontext-{A}daptive {M}essage {D}issemination in {V}ehicular {A}d {H}oc {N}etworks",
  JOURNAL = "in Proc. of the Second International Workshop on Vehicle-to-Vehicle Communications (V2VCOM'06)",
  year = {2006}
}

@article{IEEEhowto:benefit2,
  author = "Stephan Eichler and Christoph Schroth",
  title = "A {M}ulti-{L}ayer {A}pproach for {I}mproving the {S}calability of {V}ehicular {A}d-{H}oc {N}etworks",
  JOURNAL = "in Proc. of the Conference on Communication in Distributed Systems (KiVS'07), the fourth Workshop on Mobile Ad Hoc Networks (WMAN'07)",
  month = "March",
  year = {2007}
}

@article{l1,
  author = "Maen Artimy",
  title = "{Local Density Estimation and Dynamic Transmission-Range Assignment in Vehicular Ad Hoc Networks}",
  JOURNAL = "in Proc. of the IEEE Transactions on Intelligent Transportation Systems",
  month = "September",
  year = {2007}
}

@article{l2,
  author = "Xiaoyan Li and Thu D. Nguyen and Richard P. Martin",
  title = "{Using Adaptive Range Control to Maximize 1-Hop Broadcast Coverage in Dense Wireless Networks}",
  JOURNAL = "in Proc. of the first Annual IEEE Communications Society Conference on Sensor and Ad Hoc Communications and Networks (SECON'04)",
  month = "October",
  year = {2004}
}

@article{broad,
  author = "Mimoza Durresi and Arjan Durresi and Leonard Barolli",
  title = "{Emergency {B}roadcast {P}rotocol for {I}nter-{V}ehicle {C}ommunications}",
  JOURNAL = "in Proc. of the eleventh {I}nternational {C}onference on {P}arallel and {D}istributed {S}ystems (ICPADS'05)",
  year = {2005}
}

@article{IEEEhowto:Bries,
  author = "Linda Briesemeister and Lorenz Schafers and Gunter Hommel",
  title = "{Disseminating {M}essages among Highly Mobile Hosts based on {I}ntervehicle {C}ommunication}",
  JOURNAL = "in Proc. of the IEEE Intelligent Vehicles Symposium (IV'00)",
  month = "October",
  year = {2000}
}

@article{IEEEhowto:SBA,
  author = "Elena Fasolo and Roberto Furiato and Andrea Zanella",
  title = "{Smart {B}roadcast Algorithm for Inter-vehicular Communications}",
  JOURNAL = "in Proc. of the Wireless Personal Multimedia Communication (WPMC'05)",
  month = "September",
  year = {2005}
}

@article{ob-van,
  author = "Barlomiej Blaszczyszyn and Anis Laouiti and Paul Muhlethaler and Yasser Toor",
  title = "{Opportunistic broadcast in VANETs (OB-VAN) using active signaling for relays selection}",
  JOURNAL = "in Proc. of the eighth Intelligent Transport Systems Telecommunications(ITST'08)",
  month = "October",
  year = {2008}
}

@article{cds1,
  author = "Francisco J. Ros and Pedro M. Ruiz and Ivan Stojmenovic",
  title = "{Reliable and Efficient Broadcasting in Vehicular Ad Hoc Networks}",
  JOURNAL = "in Proc. of the 69th Vehicular Technology Conference (VTC'2009)",
  month = "April",
  year = {2009}
}
@article{cds2,
  author = "Francisco J. Ros and Pedro M. Ruiz and Ivan Stojmenovic",
  title = "{Acknowledgment-based Broadcast Protocol for Reliable and Efficient Data Dissemination in Vehicular Ad-hoc Network}",
  JOURNAL = "in Proc. of the IEEE Transactions on Mobile Computing",
  month = "December",
  year = {2010}
}


@article{survey,
  author = "Fatma Hrizi and Fethi Filali",
  title = "{On {C}ongestion-{A}ware {B}roadcasting in {V2X} {N}etworks}",
  JOURNAL = "in Proc. of the second international workshop on communication technologies for vehicles (Nets4Cars'09)",
  month = "October",
  year = {2009}
}
\\
@ARTICLE{survey1,
author={Sichitiu, M.L. and Kihl, M.},
journal={in Proc. of the IEEE Communications Surveys Tutorials}, title={Inter-vehicle communication systems: a survey},
year={2008},
volume={10},
number={2},
pages={88 -105},}


@article{ddt,
  author = "M. Sun and W. Feng and T. Lai and K. Yamada and H. Okada and K. Fujimura",
  title = "{GPS-based message broadcast for adaptive inter-vehicle communications}",
  JOURNAL = "in Proc. of the 52nd Vehicular Technology Conference (VTC-Fall'00)",
  month = "May",
  year = {2000}
}

@article{trrs,
  author = "T. Kim and W. Hong and H. Kim",
  title = "{An effective Multi-hop Broadcast in Vehicular Ad-hoc Network}",
  JOURNAL = "in Proc. of the Architecture of Computing Systems (ARCS'07)",
  month = "March",
  year = {2007}
}

@article{taha,
  author = "M. Taha and Y. Hasan",
  title = "{VANET-DSRC Protocol for Reliable Broadcasting of Life Safety Messages}",
  JOURNAL = "in Proc. of the IEEE International Symposium on Signal Processing and Information Technology",
%  month = "December",
  year = {2007}
}

@article{BROADCOMM,
  author = "M. Durresi, A. Durresi and L.Barolli",
  title = "{Emergency Broadcast Protocol for Inter-Vehicle Communications}",
  JOURNAL = "in Proc. of the eleventh International Conference on Parallel and Distributed Systems (ICPADS'05)",
  year = {2005}
}

@book{osi,
  author = "J.D. Day, H Zimmermann",
  title = "{The OSI Reference Model}",
%  JOURNAL = "in Proc. of the IEEE International Conference on Mobile Ad hoc and Sensor Systems (MASS'07)",
%  month = "October",
%  year = {2007}
}

@article{bzbconf,
  author = "Fatma Hrizi and Fethi Filali",
  title = "{Achieving broadcasting efficiency in V2X networks with a simple distance-based protocol}",
  JOURNAL = "in Proc. of the first International Conference on Communications and Networking (COMNET'09)",
  date = "November",
  year = "2009"
}

@article{bzb,
  year =        {2012},
  title =       {{A}dapting contention-based forwarding to urban vehicular topologies for traffic safety applications},
  author =      {{H}rizi, {F}atma and  {B}onnet, {C}hristian and  {H}\"{a}rri, {J}\'{e}r\^{o}me and  {F}ilali, {F}ethi },
  journal =     {in Proc. of the {A}nnals of {T}elecommunications, 2012},
  pages={1-19},
  url =         {http://www.eurecom.fr/publication/3771}
}

@article{baloon,
  author = "N. Balon",
  title = "{Introduction to Vehicular Ad Hoc Networks and the Broadcast Storm Problem}",
  %JOURNAL = "in Proc. of the IEEE International Conference on Mobile Ad hoc and Sensor Systems (MASS'07)",
  %month = "October",
  %year = {2007}
}

@article {gso,
   author = "Krishnanand, K. and Ghose, D.",
   title = "{Glowworm Swarm Optimization for Simultaneous Capture of Multiple Local Optima of Multimodal Functions}",
   journal = "in Proc. of the Swarm Intelligence Journal",
   year = {2009}
}

@book{swarmIntelligence,
    address = {New York, NY, USA},
    author = {Bonabeau, Eric and Dorigo, Marco and Theraulaz, Guy},
    isbn = {0195131592},
    publisher = {Oxford University Press, Inc.},
    title = {{Swarm intelligence: from natural to artificial systems}},
    url = {http://portal.acm.org/citation.cfm?id=328320},
    year = {1999}
}



@article{95pr, 
author="An, N. and Gaugel, T. and Hartenstein, H.",
title="{VANET: Is 95\% Probability of Packet Reception Safe?}", 
journal = "in Proc. of the eleventh International Conference on ITS Telecommunications (ITST'11)",
year={2011},
month={August}
}

@article{gfilter,
	author = "S. Park and J. Hwang and K. Rou and E. Kim",
	journal = "World Academy of Science, Engineering and Technology",
	month = "September",
	title = {{A New Particle Filter Inspired by Biological Evolution: Genetic Filter}},
	year = "2007"}


@article{matt,
  author = "{M. R\"ockl and P. Robertson}",
  title = "{Data Dissemination in Cooperative ITS from an Information-centric Perspective}",
  JOURNAL = "in Proc. of the IEEE. International Conference on Communications (ICC'10)",
  month = "May",
  year = {2010}
}

@article{raja,
  author = "Shahram Rezaeia and Raja Sengupta and Hariharan Krishnanc and Xu Guanb and Raman Bhatiab",
  title = "{Tracking the Position of Neighboring Vehicles using Wireless Communications}",
  JOURNAL = "in Proc. of the Transportation Research Part C: Emerging Technologies",
  month = "June",
  year = {2010}
}

@article{raja2, 
  author="Ching-Ling Huang and Yaser Pourmohammadi Fallah and Raja Sengupta and Hariharan Krishnan",
  journal="{in Proc. of the IEEE Transactions on Intelligent Transportation Systems}",
  title="{Intervehicle Transmission Rate Control for Cooperative Active Safety System}", 
  year={2011}, 
  month="September",
}

@article{pf2,
  author = "Frederik Gustafsson and Frederik Gunnarsson and Niclas Bergman and Urban Forssell and Jonas Jansson and Rickard Karlsson and Per-Johan Nordlund",
  title = "{Particle Filters for Positioning, Navigation, and Tracking}",
  JOURNAL = "in Proc. of the IEEE Transactions on Signal Processing",
  year = {2002}
}

@article{ut,
    address = {Anchorage AK, USA},
    author = {Julier, S. J.},
    Journal = {in Proc. of the IEEE American Control Conference},
    citeulike-article-id = {1176482},
    month = "May",
    pages = {4555--4559},
    posted-at = {2007-03-19 18:17:49},
    priority = {0},
    publisher = {IEEE},
    title = {{The Scaled Unscented Transformation}},
    year = {2002}
}



@article{pf1,
  author = "Branko Ristic and Sanjeev Arulampalam and Neil Gordon",
  title = "{Beyond the Kalman Filter: Particle Filters for Ttracking Applications}",
  JOURNAL = "Artech House Boston London",
  year = {2004}
}

@article{ukf,
    
    author = {Wan, E. A. and Van Der Merwe, R.},
    booktitle = {Adaptive Systems for Signal Processing, Communications, and Control Symposium 2000. AS-SPCC. The IEEE 2000},
    institution = {Oregon Graduate Inst. of Sci. \& Technol., Beaverton, OR},
    isbn = {0-7803-5800-7},
    journal = {in Proc. of the Adaptive Systems for Signal Processing, Communications, and Control Symposium (AS-SPCC'00)},
    keywords = {kalman, unscented},
    month = "August",
    pages = {153--158},
    title = {{The unscented Kalman filter for nonlinear estimation}},
    url = {http://dx.doi.org/10.1109/ASSPCC.2000.882463},
    year = {2000}
}


@techreport{kf2,
    author = {Chen, Zhe},
    citeulike-article-id = {1412789},
    citeulike-linkout-0 = {http://math1.unice.fr/\~{}delmoral/chen\_bayesian.pdf},
    citeulike-linkout-1 = {http://soma.crl.mcmaster.ca/\~{}zhechen/ieee\_bayes.ps},
    institution = {McMaster University},
    keywords = {bayesian, filter, kalman, particle, survey},
    posted-at = {2009-02-02 17:15:52},
    priority = {2},
    title = {{Bayesian Filtering: From Kalman Filters to Particle Filters, and Beyond}},
    url = {http://math1.unice.fr/\~{}delmoral/chen\_bayesian.pdf},
    year = {2003}
}


@article{mc1,
    author = {N. Metropolis},
    title = {{The beginning of the Monte Carlo Method}},
    JOURNAL = "in Proc. of the Los Alamos Science",
    year = {1987}
}


@misc{TCP,
    author = {Postel, J.},
    citeulike-article-id = {6666230},
    keywords = {transport},
    month = "September",
    posted-at = {2010-02-15 23:45:54},
    priority = {2},
    title = {{RFC 793: Transmission Control Protocol}},
    year = {1981}
}

@ARTICLE{is,
    author = {Neil Gordon},
    title = {{A Hybrid Bootstrap Filter for Target Tracking in Clutter}},
    journal = {in Proc. of the IEEE Transactions on Aerospace and Electronic Systems},
    year = {1997},
    volume = {33},
    pages = {353--358}
}

@book{chapman,
AUTHOR = {Doob, J. L.},
TITLE = {Stochastic Processes},
BOOKTITLE = {Stochastic Processes},
YEAR = {1953},
ADDRESS = {New York},
PUBLISHER = {Wiley} }

@manual{IP,
    editor = {Postel, Jon},
    keywords = {internet, protocol, rfc},
    month =  "September",
    organization = {Internet Engineering Task Force},
    posted-at = {2008-02-28 18:26:08},
    priority = {0},
    title = {{RFC 791 Internet Protocol - DARPA Inernet Programm, Protocol Specification}},
    url = {http://tools.ietf.org/html/rfc791},
    year = {1981}
}

@misc{UDP,
    annote = {introdu\c{c}{\~{a}}o do UDP},
    author = {Postel, Jon},
    citeulike-article-id = {10287376},
    howpublished = {IETF Request For Comments},
    month =  "August",
    posted-at = {2012-01-30 21:08:38},
    priority = {2},
    title = {{User Datagram Protocol (RFC 768)}},
    year = {1980}
}

@manual{IPv6,
    abstract = {{This document specifies version 6 of the Internet Protocol (IPv6),
   also sometimes referred to as IP Next Generation or IPng.}},
    author = {Deering, S. and Hinden, R.},
    citeulike-article-id = {2444787},
    citeulike-linkout-0 = {http://tools.ietf.org/html/rfc2460},
    keywords = {internet, protocol, rfc},
    month =  "December",
    organization = {Internet Engineering Task Force},
    posted-at = {2008-02-28 18:40:44},
    priority = {0},
    title = {{RFC 2460 Internet Protocol, Version 6 (IPv6) Specification}},
    url = {http://tools.ietf.org/html/rfc2460},
    year = {1998}
}

@ARTICLE{SIS,
    author = {Jun S. Liu and Rong Chen},
    title = {{Sequential Monte Carlo Methods for Dynamic Systems}},
    journal = {in Proc. of the Journal of the American Statistical Association},
    year = {1998},
    volume = {93},
    pages = {1032--1044}
}

@ARTICLE{SIR,
author={Gordon, N.J. and Salmond, D.J. and Smith, A.F.M.},
journal={in Proc. of the IEEE Radar and Signal Processing},
title={{Novel approach to nonlinear/non-Gaussian Bayesian state estimation}},
year={1993},
month= "April",
volume={140},
number={2},
pages={107 -113},
ISSN={0956-375X},}


@article{ekfb1,
author = {Fredrik Orderud},
    title = {{Comparison of Kalman Filter Estimation Approaches for State Space Models with Nonlinear Measurements}},
    Journal = "in Proc. of the Scandinavian Conference on Simulation and Modelling"
    year = {2005}
}

@article{ekfb2,
    author = {Crassidis, John L. and Markley, F. L.},
    citeulike-article-id = {3112551},
    journal = {in Proc. of the Journal of Guidance, Control, and Dynamics},
    number = {4},
    pages = {536--542},
    posted-at = {2008-08-12 19:27:06},
    priority = {0},
    title = {{Unscented Filtering for Spacecraft Attitude Estimation}},
    volume = {26},
    year = {2003}
}


@article{ekfb3,
author={Binazzi, G. and Chisci, L. and Chiti, F. and Fantacci, R. and Menci, S.},
JOURNAL={in Proc. of the IEEE International Conference on Communications (ICC'09)}, title={{Localization of a Swarm of Mobile Agents via Unscented Kalman Filtering}},
year={2009},
month={June},
volume={},
number={},
pages={1 -5},}

@article{ekfb4,
  author = {Romanenko, Andrei and Castro, Jos\\'{e} A. A. M.},
  journal = {in Proc. of the Computers and Chemical Engineering},
  keywords = {dblp},
  number = 3,
  pages = {347-355},
  title = {The unscented filter as an alternative to the EKF for nonlinear state estimation: a simulation case study.},
  volume = 28,
  year = 2004
}


@article{ukfb,
author={Kung-Chung Lee and Oka, A. and Pollakis, E. and Lampe, L.},
Journal={in Proc. of the seventh Workshop on Positioning Navigation and Communication (WPNC'10)},
title={{A comparison between Unscented Kalman Filtering and particle filtering for RSSI-based tracking}},
year={2010},
month={March},
pages={157 -163},
}

@article{UPF,
      author = {van der Merwe, Rudolph and de Freitas, Nando and Doucet, Arnaud and Wan, Eric},
    JOURNAL = {in Proc. of the Advances in Neural Information Processing Systems 13},
    month = "November",
    posted-at = {2005-10-10 20:23:17},
    priority = {2},
    title = {{The Unscented Particle Filter}},
    year = {2001}
}


@article{mc2,
    author = {N. Metropolis and S. Ulam},
    title = {{The Monte Carlo Method}},
    JOURNAL = "in Proc. of the Journal of the American Statistical Association",
    year = {1949}
}

@book{ekf2,
    author = {Gelb, A.},
    citeulike-article-id = {841918},
    journal = {Cambridge, MA},
    keywords = {bibtex-import},
    posted-at = {2006-09-13 16:20:24},
    priority = {0},
    publisher = {MIT Press},
    title = {{Applied Optimal Estimation}},
    year = {1974}
}



@Book{ekf1,
  Author         = "BDO Anderson and JB Moore",
  Title          = "{Optimal Filtering}",
  Publisher      = "Prentice-Hall",
  Address        = "Englewood Cliffs, NJ",
  year           = 1979
}

@article{sigmap,
  AUTHOR = {Julier, S.J. and Uhlmann, J.K.},
  TITLE = {{A new extension of the Kalman filter to nonlinear systems}},
  JOURNAL = {in Proc. of the AeroSense: The eleventh Int. Symp. on Aerospace/Defence Sensing,
	Simulation and Controls},
  YEAR = {1997},
  OWNER = {gridgway},
  TIMESTAMP = {2006.10.27},
  URL = {http://citeseer.ist.psu.edu/243676.html}
}

@article{kf,
    author = {R. Kalman},
    title = {{A New Approach to Linear Filtering and Prediction Problems}},
    JOURNAL = "in Proc. of the Transaction of the ASME, Journal of Basic Engineering",
    year = {1960}
}

@article{NN,
  author = "C. Y. Kong, C. M. Hadzer and M. Y. Mashor",
  title = "{Radar Tracking System Using Neural Networks}",
  
  year = {1998}
}
@article{NN1,
  author = "Leonid I. Perlovsky and Ross W. Deming",
  title = "{Neural networks for improved tracking}",
  JOURNAL = "in Proc. of the IEEE transactions on neural networks, Vol. 18, No. 6.",
  year = {2007}
}
@article{GA,
  author = "Peter J. Shea and Kathleen Alexander and John Peterson",
  title = "{Group Tracking using Genetic Algorithms}",
  JOURNAL = "in Proc. of the International Society Information Fusion",
  year = {2003}
}

@ARTICLE{802.11p,
journal={IEEE 802.11 Working Group. (2010)},
title={{IEEE standard for information technology-telecommunications and information exchange between systems-local and metropolitan area networks-Specfic requirements-Part 11: Wireless LAN medium access control (MAC) and physical layer (PHY) specifications amendment 6: Wireless Access in Vehicular Environments.}}, 
year={2000}
}

@article{app,
  author = "{M. Sepulcre, J. Gozalvez, J. {H}\"{a}rri and Hannes Hartenstein}",
  title = "{Application-Based Congestion Control Policy for the Communication Channel in VANETs}",
  JOURNAL = "in Proc. of the IEEE Communications Letters, VOL. 14, NO. 10",
  date = "October",
  year = "2010"
}

@article{objecttrack,
  title={{Object tracking: A survey}},
  author={Yilmaz, A. and Javed, O. and Shah, M.},
  journal={Acm Computing Surveys (CSUR)},
  volume={38},
  number={4},
  pages={13},
  year={2006},
  publisher={ACM}
}


@article{odam,
  author = "Abderrahim Benslimane",
  title = "{Optimized Dissemination of Alarm Messages in Vehicular Ad-hoc Networks (VANET)}",
  JOURNAL = "in Proc. of the seventh IEEE International Conference on High Speed Networks and Multimedia Communications (HSNMC'04)",
  year = "2004"
}

@article{cbf,
  author = "Marc Torrent-Moreno",
  title = "{Inter-Vehicle Communications: Assessing Information Dissemination under Safety Constraints}",
  JOURNAL = "in Proc. of the fourth Annual IEEE/IFIP Conference on Wireless On Demand Network Systems and Services (WONS'07)",
  date = "January",
  year = "2007"
}

@article{repet,
    author = {Qing Xu and Tony Mak and Jeff Ko and Raja Sengupta},
    title = {Vehicle-to-Vehicle Safety Messaging in DSRC},
    JOURNAL = {in Proc. of the first ACM Workshop on Vehicular Ad hoc Networks (VANET'04)},
    year = {2004}
}

@article{umb,
  author = "Gokhan Korkmaz and Eylem Ekici",
  title = "{Urban Multi-hop Broadcast Protocol for Inter-Vehicle Communication Systems}",
  JOURNAL = "in Proc. of the first ACM workshop on vehicular Ad Hoc networks (VANET'04)",
  date = "October",
  year = "2004"
}

@article{broad,
  author = "Mimoza Durresi and Arjan Durresi and Leonard Barolli",
  title = "{Emergency Broadcast Protocol for Inter-Vehicle Communications}",
  JOURNAL = "in Proc. of the eleventh International Conference on Parallel and Distributed Systems (ICPADS'05)",
  year = "2005"
}

@article{dfpav,
  author = "Marc Torrrent-Moreno and Paolo Santi and Hannes Hartenstein",
  title = "{Distributed Fair Transmit Power Adjustment for vehicular Ad Hoc Networks}",
  JOURNAL = "in Proc. of the 3rd Annual IEEE Communications Society on Sensor and Ad Hoc Communications and Networks (SECON'06)",
  date = "September",
  year = "2006"
}

@article{edb, 
author={Da Li and Hongyu Huang and Xu Li and Minglu Li and Feilong Tang}, 
JOURNAL={in Proc. of the International Conference on Wireless Communications, Networking and Mobile Computing (WiCom'07)},
title={{A Distance-Based Directional Broadcast Protocol for Urban Vehicular Ad Hoc Network}}, 
year={2007}, 
month={September},
pages={1520 -1523},}

@article{pack, 
author={Jiang, Daniel and Bogdanovic, Miro and Delgrossi, Luca}, 
JOURNAL={in Proc. of the eighth International Symposium on Autonomous Decentralized Systems (ISADS'07},
title={Piggybacked Acknowledgement for Reception Assessment in a Pervasive Broadcasting System}, 
year={2007}, 
month={March}, 
volume={}, 
number={}, 
pages={387 -393}, 
keywords={automotive industry;congestion control;node transmission frequency;pervasive broadcasting system;piggybacked acknowledgement protocol design;broadcasting;protocols;traffic engineering computing;ubiquitous computing;}, 
doi={10.1109/ISADS.2007.58}, 
ISSN={},}


@article{raja,
  author = "Shahram Rezaeia and Raja Senguptab and Hariharan Krishnanc and Xu Guanb and Raman Bhatiab",
  title = "{Tracking the Position of Neighboring Vehicles using Wireless Communications}",
  JOURNAL = "in Proc. of the Transportation Research Part C: Emerging Technologies",
  date = "June",
  year = "2010"
}

@article{balon,
  author = "Nathan Balon and Jinhua Guo",
  title = "{Increasing Broadcast Reliability in Vehicular Ad Hoc Networks}",
  JOURNAL = "in Proc. of the 3rd ACM International Workshop on Vehicular Ad Hoc Networks (VANET'06)",
  year = "2006"
}


@article{identity,
  author = "Michelle Wetterwald and Fatma Hrizi and Pasquale Cataldi",
  title = "{Cross-layer Identities Management in ITS Stations}",
  JOURNAL = "in Proc. of the tenth IEEE International Conference on ITS Telecommunications (ITST'10)",
  date = "November",
  year = "2010"
}

@article{survey,
  author = "Fatma Hrizi and Fethi Filali",
  title = "{On Congestion-Aware Broadcasting in V2X Networks}",
  JOURNAL = "in Proc. of the second international workshop on communication technologies for vehicles (Nets4Cars'09)",
  date = "October",
  year = "2009"
}

@article{Reumerman,
  author = "H. Reumerman and M. Runi",
  title = " {Distributed Power Control for Reliable Broadcast in Inter-Vehicle Communication Systems}",
  JOURNAL = "in Proc. of the second International Workshop on Intelligent transportation (WIT'05)",
  month = "March"
  year = "2005"
}

@article{Mittag,
  author = "{J. Mittag, F. Schmidt-Eisenlohr, M. Killat, J. {H}\"{a}rri and H. Hartenstein}",
  title = "{Analysis and Design of Effective and Lowoverhead Transmission Power Control for VANETs}",
  JOURNAL = "in Proc. of the fifth ACM international workshop on Vehicular Inter-NETworking (VANET'08)",
  month = "September"
  year = "2008"
}


@article{mobigis,
  year =        {2012},
  title =       {{I}mproving unreliable mobile {GIS} with swarm-based particle filters},
  author =      {{H}rizi, {F}atma and  {H}{\"a}rri, {J}{\'e}r{\^o}me and  {B}onnet, {C}hristian},
  JOURNAL =   {in Proc. of the first {ACM} {SIGSPATIAL} {W}orkshop on {M}obile {G}eographic {I}nformation {S}ystems ({MOBIGIS}'12)},
  address =     {{R}edondo {B}each, {UNITED} {STATES}},
  month =       "November",
  url =  	      {http://www.eurecom.fr/publication/3838}
}

@article{vanet,
  year =        {2012},
  title =       {{C}an mobility predictions be compatible with cooperative active safety for {VANET}?},
  author =      {{H}rizi, {F}atma and  {H}{\"a}rri, {J}{\'e}r{\^o}me and  {B}onnet, {C}hristian},
  journal = "in Proc. of the ninth ACM international workshop on Vehicular inter-networking, systems, and applications (VANET'12)"
  number =      {EURECOM+3743},
  month =       {June},
  institution = {Eurecom}
  url =  	      {http://www.eurecom.fr/publication/3743}
}

@ARTICLE{absm, 
author={Ros, F.J. and Ruiz, P.M. and Stojmenovic, I.}, 
journal={in Proc. of IEEE the Transactions on Mobile Computing},
title={{Acknowledgment-Based Broadcast Protocol for Reliable and Efficient Data Dissemination in Vehicular Ad Hoc Networks}}, 
year={2012}, 
month={January}, 
volume={11}, 
number={1}, 
pages={33 -46}, 
keywords={acknowledgment-based broadcast protocol;connected dominating set;data dissemination;message efficiency;periodic beacon messages;simulation-based performance evaluation;vehicular ad hoc networks;protocols;telecommunication network reliability;vehicular ad hoc networks;}, 
doi={10.1109/TMC.2010.253}, 
ISSN={1536-1233},}

@INPROCEEDINGS{pbsm, 
author={Ros, F.J. and Ruiz, P.M. and Stojmenovic, I.}, 
booktitle={in Proc of the IEEE 69th Vehicular Technology Conference (VTC Spring'09)}, 
title={{Reliable and Efficient Broadcasting in Vehicular Ad Hoc Networks}}, 
year={2009}, 
month={April}, 
pages={1 -5}, }


