\usepackage{url} 
@article{IEEEhowto:storm,
  author = "Sze-Yao Ni and Yu-Chee Tseng and Yuh-Shyan Chen and Jang-Ping Sheu",
  title = "{T}he {B}roadcast {S}torm {P}roblem in a {M}obile {A}d {H}oc {N}etwork",
  JOURNAL = "in Proc. of the 5th annual ACM/IEEE international conference on Mobile computing and networking",
  month = "August",
  year = {1999}
}

@article{emhvb,
    author = "Mariyasagayam, M. N. and Osafune, T. and Lenardi, M.",
    journal = "in Proc. of the 7th International Conference on ITS Telecommunications (ITST'07)",
    title = "{Enhanced Multi-Hop Vehicular Broadcast (MHVB) for Active Safety Applications}",
    year = {2007}
}

@article{ctr,
    author = "Pakornsiri Akkhara and Yuji Sekiya and Yasushi Wakahara",
    journal = "in Proc. of the IAENG Journal of Computer Science (IJCS)",
    title = "{Efficient Alarm Messaging by Multi-Channel Cut-Through Rebroadcasting based on Inter-Vehicle Communication}",
    year = {2009}
}
 

@article{rear,
  author = "Hao Jiang and Hao Guo and Lijia Chen",
  title = "Reliable and Efficient Alarm Message Routing in VANET",
  JOURNAL = "in Proc. of the 5th 28th International Conference on Distributed Computing Systems Workshops",
  year = {2008}
}

@article{oapb,
  author = "Hamada ALshaer and Eric Horlai",
  title = "An optimized adaptive broadcast scheme for Inter-vehicle communication",
  JOURNAL = "in Proc. of the 61st Vehicular Technology Conference (VTC'05)",
  year = {2005}
}

@article{cbf,
  author = {F\"{u}{\ss}ler, Holger and Hartenstein, Hannes and Widmer, J\"{o}rg and Mauve, Martin and Effelsberg, Wolfgang},
  title = {{Contention-Based} Forwarding for Street Scenarios},
  JOURNAL = "in Proc. of the 1st International Workshop on Intelligent Transportation (WIT'04)",
  month = "March",
  year = {2004}
}

@article{IEEEhowto:ODAM,
  author = "Abderrahim Benslimane",
  title = "Optimized {D}issemination of alarm Messages in {V}ehicular {A}d-hoc {N}etworks ({VANET})",
  JOURNAL = "in Proc. of the 7th IEEE International Conference on High Speed Networks and Multimedia Communications (HSNMC'04)",
  year = {2004}
}

@article{IEEEhowto:Morenno,
  author = "Marc Torrent-Moreno",
  title = "Inter-{V}ehicle {C}ommunications: {A}ssessing {I}nformation {D}issemination under {S}afety {C}onstraints",
  JOURNAL = "in Proc. of the 4th Annual IEEE/IFIP Conference on Wireless On Demand Network Systems and Services (WONS)",
  month = "January",
  year = {2007}
}

@article{emdv,
  author = "Marc Torrent-Moreno",
  title = "Inter-{V}ehicle {C}ommunications: {A}chieving {S}afety in a {D}istributed {W}ireless {E}nvironment - {C}hallenges, {S}ystems and {P}rotocols",
  JOURNAL = "Ph.D. thesis, University of Karlsruhe",
  year = {2007}
}


@article{IEEEhowto:UMB,
  author = "Gokhan Korkmaz and Eylem Ekici",
  title = "Urban {M}ulti-hop {B}roadcast {P}rotocol for {I}nter-{V}ehicle {C}ommunication {S}ystems",
  JOURNAL = "in Proc. of the 1st ACM workshop on vehicular Ad Hoc networks (VANET'04)",
  month = "October",
  year = {2004}
}

@article{IEEEhowto:emergency,
  author = "Mimoza Durresi and Arjan Durresi and Leonard Barolli",
  title = "Emergency {B}roadcast {P}rotocol for {I}nter-{V}ehicle {C}ommunications",
  JOURNAL = "in Proc. of the 11th {I}nternational {C}onference on {P}arallel and {D}istributed {S}ystems (ICPADS'05)",
  year = {2005}
}

@article{IEEEhowto:QUICK,
  author = "Claudio E. Palazzi and Stefano Ferretti and Marco Roccetti and Giovanni Pau and Mario Gerla",
  title = "{H}ow {D}o {Y}ou {Q}uickly {C}horeograph {I}nter-{V}ehicular {C}ommunications? {A} {F}ast {V}ehicle-to-{V}ehicle {M}ulti-{H}op {B}roadcast {A}lgorithm, {E}xplained",
  JOURNAL = "in Proc. of the 4th IEEE Consumer Communications and Networking Conference (CCNC'07)",
  month = {January}
  year = {2007}
}

@article{IEEEhowto:fathy,
  author = "Samaneh Khakbaz and Mahmood Fathy",
  title = "{A} {R}eliable {M}ethod for {D}isseminating {S}afety {I}nformation in {V}ehicular {A}d {H}oc {N}etworks {C}onsidering {F}ragmentation {P}roblem",
  JOURNAL = "in Proc. of the Fourth International Conference on Wireless and Mobile Communications (ICWMC'08)",
  year = {2008}
}

@article{IEEEhowto:cross,
  author = "Luciano Bononi and Marco Di Felice",
  title = "A {C}ross {L}ayered {M}AC and {C}lustering {S}cheme for {E}fficient {B}roadcast in {V}ANETs",
  JOURNAL = "in Proc. of the IEEE International Conference on Mobile Ad hoc and Sensor Systems (MASS'07)",
  month = {October}
  year = {2007}
}

@article{dfpav,
  author = "Marc Torrrent-Moreno and Paolo Santi and Hannes Hartenstein",
  title = "Distributed {F}air {T}ransmit Power Adjustment for vehicular Ad Hoc Networks",
  JOURNAL = "in Proc. of the 3rd Annual IEEE Communications Society on Sensor and Ad Hoc Communications and Networks (SECON'06)",
  month = "September",
  year = {2006}
}

@article{IEEEhowto:lpg,
  author = "Wai Chen and Jasmine Chennikara-Varghese and John Lee and Shengwei Cai and Toshiro Hikita",
  title = "Dynamic {L}ocal {P}eer {G}roup {O}rganizations for {V}ehicle {C}ommunications",
  JOURNAL = "in Proc. of the Second International Workshop on Vehicle-to-Vehicle Communications (V2VCOM'06)",
  month = "July",
  year = {2006}
}

@article{IEEEhowto:benefit1,
  author = "Stephan Eichler and Christoph Schroth and Timo Koscht and Markus Strassbergert",
  title = "Strategies for {C}ontext-{A}daptive {M}essage {D}issemination in {V}ehicular {A}d {H}oc {N}etworks",
  JOURNAL = "in Proc. of the Second International Workshop on Vehicle-to-Vehicle Communications (V2VCOM'06)",
  month = "July",
  year = {2006}
}

@article{IEEEhowto:benefit2,
  author = "Stephan Eichler and Christoph Schroth",
  title = "A {M}ulti-{L}ayer {A}pproach for {I}mproving the {S}calability of {V}ehicular {A}d-{H}oc {N}etworks",
  JOURNAL = "in Proc. of the Conference on Communication in Distributed Systems (KiVS'07), Workshop: 4th Workshop on Mobile Ad Hoc Networks (WMAN'07)",
  month = "March",
  year = {2007}
}

@article{l1,
  author = "Maen Artimy",
  title = "Local Density Estimation and Dynamic Transmission-Range Assignment in Vehicular Ad Hoc Networks",
  JOURNAL = "in Proc. of the IEEE Transactions on Intelligent Transportation Systems",
  month = "September",
  year = {2007}
}

@article{l2,
  author = "Xiaoyan Li and Thu D. Nguyen and Richard P. Martin",
  title = "Using Adaptive Range Control to Maximize 1-Hop Broadcast Coverage in Dense Wireless Networks",
  JOURNAL = "in Proc. of the 1st Annual IEEE Communications Society Conference on Sensor and Ad Hoc Communications and Networks (SECON'04)",
  month = "October",
  year = {2004}
}

@article{broad,
  author = "Mimoza Durresi and Arjan Durresi and Leonard Barolli",
  title = "Emergency {B}roadcast {P}rotocol for {I}nter-{V}ehicle {C}ommunications",
  JOURNAL = "in Proc. of the 11th {I}nternational {C}onference on {P}arallel and {D}istributed {S}ystems (ICPADS'05)",
  year = {2005}
}

@article{IEEEhowto:Bries,
  author = "Linda Briesemeister and Lorenz Schafers and Gunter Hommel",
  title = "Disseminating {M}essages among highly mobile hosts based on {I}ntervehicle {C}ommunication",
  JOURNAL = "in Proc. of the IEEE Intelligent Vehicles Symposium",
  month = "October",
  year = {2000}
}

@article{IEEEhowto:SBA,
  author = "Elena Fasolo and Roberto Furiato and Andrea Zanella",
  title = "Smart {B}roadcast algorithm for inter-vehicular communications",
  JOURNAL = "in Proc. of the Wireless Personal Multimedia Communication (WPMC'05)",
  month = "September",
  year = {2005}
}

@article{bzb-conf,
  author = "Fatma hrizi and Fethi Filali",
  title = "Achieving broadcasting efficiency in V2X networks with a simple distance-based protocol",
  JOURNAL = "in Proc. of the 1st International Conference on Communications and Networking (COMNET'09)",
  month = "November",
  year = {2009}
}

@article{ob-van,
  author = "Barlomiej Blaszczyszyn and Anis Laouiti and Paul Muhlethaler and Yasser Toor",
  title = "Opportunistic broadcast in VANETs (OB-VAN) using active signaling for relays selection",
  JOURNAL = "in Proc. of the 8th Intelligent Transport Systems Telecommunications(ITST'08)",
  month = "October",
  year = {2008}
}

@article{cds1,
  author = "Francisco J. Ros and Pedro M. Ruiz and Ivan Stojmenovic",
  title = "Reliable and Efficient Broadcasting in Vehicular Ad Hoc Networks",
  JOURNAL = "in Proc. of the 69th Vehicular Technology Conference (VTC'2009)",
  month = "April",
  year = {2009}
}
@article{cds2,
  author = "Francisco J. Ros and Pedro M. Ruiz and Ivan Stojmenovic",
  title = "Acknowledgment-based Broadcast Protocol for Reliable and Efficient Data Dissemination in Vehicular Ad-hoc Network",
  JOURNAL = "in Proc. of the the IEEE Transactions on Mobile Computing",
  month = "December",
  year = {2010}
}

@misc{itetris,
        title = {i{TETRIS} project},
	howpublished = "http://www.ict-itetris.eu/10-10-10-community/}"
}

@misc{ns3,
	title = {ns-3 simulator},
	howpublished = "\url{http://www.nsnam.org/}"
}

@misc{sumo,
	title = {{SUMO} simulator},
	howpublished = "\url{http://sumo.sourceforge.net/}"
}

@misc{geonet,
	title = {{G}eo{N}et project},
	howpublished = "\url{http://www.geonet-project.eu/}"
}

@article{etsi,
  author = "",
  title = "{ETSI TS} 102 636-4-1 {I}ntelligent {T}ransport {S}ystems ({ITS}); {V}ehicular {C}ommunications; Part 4: {G}eographical {A}ddressing and {F}orwarding for {P}oint-to-{P}oint and {P}oint-to-{M}ultipoint {C}ommunications; {S}ub-part 1: {M}edia-{I}ndependent {F}unctionality.",
}

@article{survey,
  author = "Fatma Hrizi and Fethi Filali",
  title = "On {C}ongestion-{A}ware {B}roadcasting in {V2X} {N}etworks",
  JOURNAL = "in Proc. of the 2nd international workshop on communication technologies for vehicles (Nets4Cars'09)",
  month = "October",
  year = {2009}
}

